;; -*- mode: org; mode: beancount; -*-
;; Birth: 1980-05-12
;; Dates: 2015-01-01 - 2017-10-05
;; THIS FILE HAS BEEN AUTO-GENERATED.
* Options

option "title" "Example Beancount file"
option "operating_currency" "USD"




* Commodities


1792-01-01 commodity USD
  export: "CASH"
  name: "US Dollar"

1900-01-01 commodity VMMXX
  export: "MUTF:VMMXX (MONEY:USD)"

1980-05-12 commodity VACHR
  export: "IGNORE"
  name: "Employer Vacation Hours"

1980-05-12 commodity IRAUSD
  export: "IGNORE"
  name: "US 401k and IRA Contributions"

1995-09-18 commodity VBMPX
  export: "MUTF:VBMPX"
  name: "Vanguard Total Bond Market Index Fund Institutional Plus Shares"
  price: "USD:google/MUTF:VBMPX"

2004-01-20 commodity ITOT
  export: "NYSEARCA:ITOT"
  name: "iShares Core S&P Total U.S. Stock Market ETF"
  price: "USD:google/NYSEARCA:ITOT"

2004-01-26 commodity VHT
  export: "NYSEARCA:VHT"
  name: "Vanguard Health Care ETF"
  price: "USD:google/NYSEARCA:VHT"

2004-11-01 commodity GLD
  export: "NYSEARCA:GLD"
  name: "SPDR Gold Trust (ETF)"
  price: "USD:google/NYSEARCA:GLD"

2007-07-20 commodity VEA
  export: "NYSEARCA:VEA"
  name: "Vanguard FTSE Developed Markets ETF"
  price: "USD:google/NYSEARCA:VEA"

2009-05-01 commodity RGAGX
  export: "MUTF:RGAGX"
  name: "American Funds The Growth Fund of America Class R-6"
  price: "USD:google/MUTF:RGAGX"



* Equity Accounts

1980-05-12 open Equity:Opening-Balances
1980-05-12 open Liabilities:AccountsPayable



* Banking

2015-01-01 open Assets:US:BofA
  address: "123 America Street, LargeTown, USA"
  institution: "Bank of America"
  phone: "+1.012.345.6789"
2015-01-01 open Assets:US:BofA:Checking                        USD
  account: "00234-48574897"

2015-01-01 * "Opening Balance for checking account"
  Assets:US:BofA:Checking                         2703.44 USD
  Equity:Opening-Balances                        -2703.44 USD

2015-01-02 balance Assets:US:BofA:Checking        4054.04 USD

2015-01-04 * "BANK FEES" "Monthly bank fee"
  Assets:US:BofA:Checking                           -4.00 USD
  Expenses:Financial:Fees                            4.00 USD

2015-01-04 * "RiverBank Properties" "Paying the rent"
  Assets:US:BofA:Checking                        -2400.00 USD
  Expenses:Home:Rent                              2400.00 USD

2015-01-08 * "EDISON POWER" ""
  Assets:US:BofA:Checking                          -65.00 USD
  Expenses:Home:Electricity                         65.00 USD

2015-01-19 * "Verizon Wireless" ""
  Assets:US:BofA:Checking                          -67.06 USD
  Expenses:Home:Phone                               67.06 USD

2015-01-21 * "Wine-Tarner Cable" ""
  Assets:US:BofA:Checking                          -79.84 USD
  Expenses:Home:Internet                            79.84 USD

2015-01-30 balance Assets:US:BofA:Checking        4082.94 USD

2015-02-04 * "BANK FEES" "Monthly bank fee"
  Assets:US:BofA:Checking                           -4.00 USD
  Expenses:Financial:Fees                            4.00 USD

2015-02-05 * "RiverBank Properties" "Paying the rent"
  Assets:US:BofA:Checking                        -2400.00 USD
  Expenses:Home:Rent                              2400.00 USD

2015-02-09 * "EDISON POWER" ""
  Assets:US:BofA:Checking                          -65.00 USD
  Expenses:Home:Electricity                         65.00 USD

2015-02-19 * "Verizon Wireless" ""
  Assets:US:BofA:Checking                          -59.34 USD
  Expenses:Home:Phone                               59.34 USD

2015-02-20 balance Assets:US:BofA:Checking        2472.33 USD

2015-02-21 * "Wine-Tarner Cable" ""
  Assets:US:BofA:Checking                          -79.95 USD
  Expenses:Home:Internet                            79.95 USD

2015-03-04 * "BANK FEES" "Monthly bank fee"
  Assets:US:BofA:Checking                           -4.00 USD
  Expenses:Financial:Fees                            4.00 USD

2015-03-04 * "RiverBank Properties" "Paying the rent"
  Assets:US:BofA:Checking                        -2400.00 USD
  Expenses:Home:Rent                              2400.00 USD

2015-03-09 * "EDISON POWER" ""
  Assets:US:BofA:Checking                          -65.00 USD
  Expenses:Home:Electricity                         65.00 USD

2015-03-18 * "Verizon Wireless" ""
  Assets:US:BofA:Checking                          -54.33 USD
  Expenses:Home:Phone                               54.33 USD

2015-03-21 balance Assets:US:BofA:Checking        2015.23 USD

2015-03-22 * "Wine-Tarner Cable" ""
  Assets:US:BofA:Checking                          -79.83 USD
  Expenses:Home:Internet                            79.83 USD

2015-04-04 * "BANK FEES" "Monthly bank fee"
  Assets:US:BofA:Checking                           -4.00 USD
  Expenses:Financial:Fees                            4.00 USD

2015-04-05 * "RiverBank Properties" "Paying the rent"
  Assets:US:BofA:Checking                        -2400.00 USD
  Expenses:Home:Rent                              2400.00 USD

2015-04-09 * "EDISON POWER" ""
  Assets:US:BofA:Checking                          -65.00 USD
  Expenses:Home:Electricity                         65.00 USD

2015-04-11 balance Assets:US:BofA:Checking        1420.69 USD

2015-04-20 * "Verizon Wireless" ""
  Assets:US:BofA:Checking                          -51.44 USD
  Expenses:Home:Phone                               51.44 USD

2015-04-23 * "Wine-Tarner Cable" ""
  Assets:US:BofA:Checking                          -80.03 USD
  Expenses:Home:Internet                            80.03 USD

2015-05-03 * "RiverBank Properties" "Paying the rent"
  Assets:US:BofA:Checking                        -2400.00 USD
  Expenses:Home:Rent                              2400.00 USD

2015-05-04 * "BANK FEES" "Monthly bank fee"
  Assets:US:BofA:Checking                           -4.00 USD
  Expenses:Financial:Fees                            4.00 USD

2015-05-07 balance Assets:US:BofA:Checking         235.82 USD

2015-05-08 * "EDISON POWER" ""
  Assets:US:BofA:Checking                          -65.00 USD
  Expenses:Home:Electricity                         65.00 USD

2015-05-19 * "Verizon Wireless" ""
  Assets:US:BofA:Checking                          -56.28 USD
  Expenses:Home:Phone                               56.28 USD

2015-05-21 * "Wine-Tarner Cable" ""
  Assets:US:BofA:Checking                          -80.07 USD
  Expenses:Home:Internet                            80.07 USD

2015-06-04 * "BANK FEES" "Monthly bank fee"
  Assets:US:BofA:Checking                           -4.00 USD
  Expenses:Financial:Fees                            4.00 USD

2015-06-05 * "RiverBank Properties" "Paying the rent"
  Assets:US:BofA:Checking                        -2400.00 USD
  Expenses:Home:Rent                              2400.00 USD

2015-06-06 balance Assets:US:BofA:Checking        1236.51 USD

2015-06-09 * "EDISON POWER" ""
  Assets:US:BofA:Checking                          -65.00 USD
  Expenses:Home:Electricity                         65.00 USD

2015-06-19 * "Verizon Wireless" ""
  Assets:US:BofA:Checking                          -68.87 USD
  Expenses:Home:Phone                               68.87 USD

2015-06-23 * "Wine-Tarner Cable" ""
  Assets:US:BofA:Checking                          -80.01 USD
  Expenses:Home:Internet                            80.01 USD

2015-07-03 balance Assets:US:BofA:Checking        3042.64 USD

2015-07-04 * "BANK FEES" "Monthly bank fee"
  Assets:US:BofA:Checking                           -4.00 USD
  Expenses:Financial:Fees                            4.00 USD

2015-07-05 * "RiverBank Properties" "Paying the rent"
  Assets:US:BofA:Checking                        -2400.00 USD
  Expenses:Home:Rent                              2400.00 USD

2015-07-09 * "EDISON POWER" ""
  Assets:US:BofA:Checking                          -65.00 USD
  Expenses:Home:Electricity                         65.00 USD

2015-07-20 * "Verizon Wireless" ""
  Assets:US:BofA:Checking                          -60.72 USD
  Expenses:Home:Phone                               60.72 USD

2015-07-22 * "Wine-Tarner Cable" ""
  Assets:US:BofA:Checking                          -79.88 USD
  Expenses:Home:Internet                            79.88 USD

2015-07-28 balance Assets:US:BofA:Checking        1210.00 USD

2015-08-04 * "BANK FEES" "Monthly bank fee"
  Assets:US:BofA:Checking                           -4.00 USD
  Expenses:Financial:Fees                            4.00 USD

2015-08-05 * "RiverBank Properties" "Paying the rent"
  Assets:US:BofA:Checking                        -2400.00 USD
  Expenses:Home:Rent                              2400.00 USD

2015-08-09 * "EDISON POWER" ""
  Assets:US:BofA:Checking                          -65.00 USD
  Expenses:Home:Electricity                         65.00 USD

2015-08-20 * "Verizon Wireless" ""
  Assets:US:BofA:Checking                          -62.29 USD
  Expenses:Home:Phone                               62.29 USD

2015-08-21 * "Wine-Tarner Cable" ""
  Assets:US:BofA:Checking                          -80.12 USD
  Expenses:Home:Internet                            80.12 USD

2015-08-25 balance Assets:US:BofA:Checking        2995.87 USD

2015-09-04 * "BANK FEES" "Monthly bank fee"
  Assets:US:BofA:Checking                           -4.00 USD
  Expenses:Financial:Fees                            4.00 USD

2015-09-06 * "RiverBank Properties" "Paying the rent"
  Assets:US:BofA:Checking                        -2400.00 USD
  Expenses:Home:Rent                              2400.00 USD

2015-09-08 * "EDISON POWER" ""
  Assets:US:BofA:Checking                          -65.00 USD
  Expenses:Home:Electricity                         65.00 USD

2015-09-11 * "Transfering accumulated savings to other account"
  Assets:US:BofA:Checking                           -4500 USD
  Assets:US:ETrade:Cash                              4500 USD

2015-09-16 balance Assets:US:BofA:Checking         487.57 USD

2015-09-20 * "Verizon Wireless" ""
  Assets:US:BofA:Checking                          -71.77 USD
  Expenses:Home:Phone                               71.77 USD

2015-09-21 * "Wine-Tarner Cable" ""
  Assets:US:BofA:Checking                          -80.04 USD
  Expenses:Home:Internet                            80.04 USD

2015-10-04 * "BANK FEES" "Monthly bank fee"
  Assets:US:BofA:Checking                           -4.00 USD
  Expenses:Financial:Fees                            4.00 USD

2015-10-06 * "RiverBank Properties" "Paying the rent"
  Assets:US:BofA:Checking                        -2400.00 USD
  Expenses:Home:Rent                              2400.00 USD

2015-10-09 * "EDISON POWER" ""
  Assets:US:BofA:Checking                          -65.00 USD
  Expenses:Home:Electricity                         65.00 USD

2015-10-16 balance Assets:US:BofA:Checking        2319.22 USD

2015-10-19 * "Verizon Wireless" ""
  Assets:US:BofA:Checking                          -84.50 USD
  Expenses:Home:Phone                               84.50 USD

2015-10-23 * "Wine-Tarner Cable" ""
  Assets:US:BofA:Checking                          -80.15 USD
  Expenses:Home:Internet                            80.15 USD

2015-11-03 * "RiverBank Properties" "Paying the rent"
  Assets:US:BofA:Checking                        -2400.00 USD
  Expenses:Home:Rent                              2400.00 USD

2015-11-04 * "BANK FEES" "Monthly bank fee"
  Assets:US:BofA:Checking                           -4.00 USD
  Expenses:Financial:Fees                            4.00 USD

2015-11-06 * "Transfering accumulated savings to other account"
  Assets:US:BofA:Checking                           -3500 USD
  Assets:US:ETrade:Cash                              3500 USD

2015-11-09 * "EDISON POWER" ""
  Assets:US:BofA:Checking                          -65.00 USD
  Expenses:Home:Electricity                         65.00 USD

2015-11-11 balance Assets:US:BofA:Checking         616.96 USD

2015-11-19 * "Verizon Wireless" ""
  Assets:US:BofA:Checking                          -59.85 USD
  Expenses:Home:Phone                               59.85 USD

2015-11-21 * "Wine-Tarner Cable" ""
  Assets:US:BofA:Checking                          -80.06 USD
  Expenses:Home:Internet                            80.06 USD

2015-12-03 * "RiverBank Properties" "Paying the rent"
  Assets:US:BofA:Checking                        -2400.00 USD
  Expenses:Home:Rent                              2400.00 USD

2015-12-04 * "BANK FEES" "Monthly bank fee"
  Assets:US:BofA:Checking                           -4.00 USD
  Expenses:Financial:Fees                            4.00 USD

2015-12-05 balance Assets:US:BofA:Checking        3212.71 USD

2015-12-08 * "EDISON POWER" ""
  Assets:US:BofA:Checking                          -65.00 USD
  Expenses:Home:Electricity                         65.00 USD

2015-12-19 * "Verizon Wireless" ""
  Assets:US:BofA:Checking                          -64.72 USD
  Expenses:Home:Phone                               64.72 USD

2015-12-21 * "Wine-Tarner Cable" ""
  Assets:US:BofA:Checking                          -80.03 USD
  Expenses:Home:Internet                            80.03 USD

2015-12-26 balance Assets:US:BofA:Checking        5219.36 USD

2016-01-03 * "RiverBank Properties" "Paying the rent"
  Assets:US:BofA:Checking                        -2400.00 USD
  Expenses:Home:Rent                              2400.00 USD

2016-01-04 * "BANK FEES" "Monthly bank fee"
  Assets:US:BofA:Checking                           -4.00 USD
  Expenses:Financial:Fees                            4.00 USD

2016-01-08 * "EDISON POWER" ""
  Assets:US:BofA:Checking                          -65.00 USD
  Expenses:Home:Electricity                         65.00 USD

2016-01-19 * "Verizon Wireless" ""
  Assets:US:BofA:Checking                          -56.85 USD
  Expenses:Home:Phone                               56.85 USD

2016-01-21 * "Wine-Tarner Cable" ""
  Assets:US:BofA:Checking                          -80.01 USD
  Expenses:Home:Internet                            80.01 USD

2016-01-24 balance Assets:US:BofA:Checking        6199.87 USD

2016-02-03 * "RiverBank Properties" "Paying the rent"
  Assets:US:BofA:Checking                        -2400.00 USD
  Expenses:Home:Rent                              2400.00 USD

2016-02-04 * "BANK FEES" "Monthly bank fee"
  Assets:US:BofA:Checking                           -4.00 USD
  Expenses:Financial:Fees                            4.00 USD

2016-02-08 * "EDISON POWER" ""
  Assets:US:BofA:Checking                          -65.00 USD
  Expenses:Home:Electricity                         65.00 USD

2016-02-19 balance Assets:US:BofA:Checking        6221.88 USD

2016-02-19 * "Verizon Wireless" ""
  Assets:US:BofA:Checking                          -74.26 USD
  Expenses:Home:Phone                               74.26 USD

2016-02-22 * "Wine-Tarner Cable" ""
  Assets:US:BofA:Checking                          -80.08 USD
  Expenses:Home:Internet                            80.08 USD

2016-03-04 * "BANK FEES" "Monthly bank fee"
  Assets:US:BofA:Checking                           -4.00 USD
  Expenses:Financial:Fees                            4.00 USD

2016-03-04 * "RiverBank Properties" "Paying the rent"
  Assets:US:BofA:Checking                        -2400.00 USD
  Expenses:Home:Rent                              2400.00 USD

2016-03-09 * "EDISON POWER" ""
  Assets:US:BofA:Checking                          -65.00 USD
  Expenses:Home:Electricity                         65.00 USD

2016-03-15 balance Assets:US:BofA:Checking        5703.02 USD

2016-03-18 * "Verizon Wireless" ""
  Assets:US:BofA:Checking                          -59.07 USD
  Expenses:Home:Phone                               59.07 USD

2016-03-23 * "Wine-Tarner Cable" ""
  Assets:US:BofA:Checking                          -80.04 USD
  Expenses:Home:Internet                            80.04 USD

2016-04-03 * "RiverBank Properties" "Paying the rent"
  Assets:US:BofA:Checking                        -2400.00 USD
  Expenses:Home:Rent                              2400.00 USD

2016-04-04 * "BANK FEES" "Monthly bank fee"
  Assets:US:BofA:Checking                           -4.00 USD
  Expenses:Financial:Fees                            4.00 USD

2016-04-08 * "EDISON POWER" ""
  Assets:US:BofA:Checking                          -65.00 USD
  Expenses:Home:Electricity                         65.00 USD

2016-04-12 balance Assets:US:BofA:Checking        4464.31 USD

2016-04-18 * "Verizon Wireless" ""
  Assets:US:BofA:Checking                          -54.75 USD
  Expenses:Home:Phone                               54.75 USD

2016-04-21 * "Wine-Tarner Cable" ""
  Assets:US:BofA:Checking                          -80.01 USD
  Expenses:Home:Internet                            80.01 USD

2016-05-04 * "BANK FEES" "Monthly bank fee"
  Assets:US:BofA:Checking                           -4.00 USD
  Expenses:Financial:Fees                            4.00 USD

2016-05-05 * "RiverBank Properties" "Paying the rent"
  Assets:US:BofA:Checking                        -2400.00 USD
  Expenses:Home:Rent                              2400.00 USD

2016-05-09 * "EDISON POWER" ""
  Assets:US:BofA:Checking                          -65.00 USD
  Expenses:Home:Electricity                         65.00 USD

2016-05-10 balance Assets:US:BofA:Checking        4076.22 USD

2016-05-20 * "Verizon Wireless" ""
  Assets:US:BofA:Checking                          -64.20 USD
  Expenses:Home:Phone                               64.20 USD

2016-05-23 * "Wine-Tarner Cable" ""
  Assets:US:BofA:Checking                          -80.07 USD
  Expenses:Home:Internet                            80.07 USD

2016-06-03 balance Assets:US:BofA:Checking        6633.15 USD

2016-06-03 * "RiverBank Properties" "Paying the rent"
  Assets:US:BofA:Checking                        -2400.00 USD
  Expenses:Home:Rent                              2400.00 USD

2016-06-04 * "BANK FEES" "Monthly bank fee"
  Assets:US:BofA:Checking                           -4.00 USD
  Expenses:Financial:Fees                            4.00 USD

2016-06-09 * "EDISON POWER" ""
  Assets:US:BofA:Checking                          -65.00 USD
  Expenses:Home:Electricity                         65.00 USD

2016-06-18 * "Verizon Wireless" ""
  Assets:US:BofA:Checking                          -74.02 USD
  Expenses:Home:Phone                               74.02 USD

2016-06-21 * "Wine-Tarner Cable" ""
  Assets:US:BofA:Checking                          -79.99 USD
  Expenses:Home:Internet                            79.99 USD

2016-06-23 balance Assets:US:BofA:Checking        4698.96 USD

2016-07-04 * "BANK FEES" "Monthly bank fee"
  Assets:US:BofA:Checking                           -4.00 USD
  Expenses:Financial:Fees                            4.00 USD

2016-07-05 * "RiverBank Properties" "Paying the rent"
  Assets:US:BofA:Checking                        -2400.00 USD
  Expenses:Home:Rent                              2400.00 USD

2016-07-09 * "EDISON POWER" ""
  Assets:US:BofA:Checking                          -65.00 USD
  Expenses:Home:Electricity                         65.00 USD

2016-07-18 balance Assets:US:BofA:Checking        4376.92 USD

2016-07-19 * "Verizon Wireless" ""
  Assets:US:BofA:Checking                          -54.50 USD
  Expenses:Home:Phone                               54.50 USD

2016-07-21 * "Wine-Tarner Cable" ""
  Assets:US:BofA:Checking                          -79.83 USD
  Expenses:Home:Internet                            79.83 USD

2016-08-04 * "BANK FEES" "Monthly bank fee"
  Assets:US:BofA:Checking                           -4.00 USD
  Expenses:Financial:Fees                            4.00 USD

2016-08-06 * "RiverBank Properties" "Paying the rent"
  Assets:US:BofA:Checking                        -2400.00 USD
  Expenses:Home:Rent                              2400.00 USD

2016-08-08 * "EDISON POWER" ""
  Assets:US:BofA:Checking                          -65.00 USD
  Expenses:Home:Electricity                         65.00 USD

2016-08-12 * "Transfering accumulated savings to other account"
  Assets:US:BofA:Checking                           -4500 USD
  Assets:US:ETrade:Cash                              4500 USD

2016-08-17 balance Assets:US:BofA:Checking         493.25 USD

2016-08-20 * "Verizon Wireless" ""
  Assets:US:BofA:Checking                          -60.75 USD
  Expenses:Home:Phone                               60.75 USD

2016-08-21 * "Wine-Tarner Cable" ""
  Assets:US:BofA:Checking                          -79.96 USD
  Expenses:Home:Internet                            79.96 USD

2016-09-03 * "RiverBank Properties" "Paying the rent"
  Assets:US:BofA:Checking                        -2400.00 USD
  Expenses:Home:Rent                              2400.00 USD

2016-09-04 * "BANK FEES" "Monthly bank fee"
  Assets:US:BofA:Checking                           -4.00 USD
  Expenses:Financial:Fees                            4.00 USD

2016-09-09 * "EDISON POWER" ""
  Assets:US:BofA:Checking                          -65.00 USD
  Expenses:Home:Electricity                         65.00 USD

2016-09-15 balance Assets:US:BofA:Checking        2525.92 USD

2016-09-19 * "Verizon Wireless" ""
  Assets:US:BofA:Checking                          -58.32 USD
  Expenses:Home:Phone                               58.32 USD

2016-09-23 * "Wine-Tarner Cable" ""
  Assets:US:BofA:Checking                          -79.94 USD
  Expenses:Home:Internet                            79.94 USD

2016-10-04 * "BANK FEES" "Monthly bank fee"
  Assets:US:BofA:Checking                           -4.00 USD
  Expenses:Financial:Fees                            4.00 USD

2016-10-04 * "RiverBank Properties" "Paying the rent"
  Assets:US:BofA:Checking                        -2400.00 USD
  Expenses:Home:Rent                              2400.00 USD

2016-10-07 * "Transfering accumulated savings to other account"
  Assets:US:BofA:Checking                           -4500 USD
  Assets:US:ETrade:Cash                              4500 USD

2016-10-08 balance Assets:US:BofA:Checking         584.86 USD

2016-10-09 * "EDISON POWER" ""
  Assets:US:BofA:Checking                          -65.00 USD
  Expenses:Home:Electricity                         65.00 USD

2016-10-20 * "Verizon Wireless" ""
  Assets:US:BofA:Checking                          -70.51 USD
  Expenses:Home:Phone                               70.51 USD

2016-10-22 * "Wine-Tarner Cable" ""
  Assets:US:BofA:Checking                          -80.17 USD
  Expenses:Home:Internet                            80.17 USD

2016-11-01 balance Assets:US:BofA:Checking        2694.19 USD

2016-11-03 * "RiverBank Properties" "Paying the rent"
  Assets:US:BofA:Checking                        -2400.00 USD
  Expenses:Home:Rent                              2400.00 USD

2016-11-04 * "BANK FEES" "Monthly bank fee"
  Assets:US:BofA:Checking                           -4.00 USD
  Expenses:Financial:Fees                            4.00 USD

2016-11-08 * "EDISON POWER" ""
  Assets:US:BofA:Checking                          -65.00 USD
  Expenses:Home:Electricity                         65.00 USD

2016-11-18 * "Verizon Wireless" ""
  Assets:US:BofA:Checking                          -40.31 USD
  Expenses:Home:Phone                               40.31 USD

2016-11-18 * "Transfering accumulated savings to other account"
  Assets:US:BofA:Checking                           -3000 USD
  Assets:US:ETrade:Cash                              3000 USD

2016-11-23 * "Wine-Tarner Cable" ""
  Assets:US:BofA:Checking                          -79.83 USD
  Expenses:Home:Internet                            79.83 USD

2016-12-01 balance Assets:US:BofA:Checking        1523.86 USD

2016-12-04 * "BANK FEES" "Monthly bank fee"
  Assets:US:BofA:Checking                           -4.00 USD
  Expenses:Financial:Fees                            4.00 USD

2016-12-04 * "RiverBank Properties" "Paying the rent"
  Assets:US:BofA:Checking                        -2400.00 USD
  Expenses:Home:Rent                              2400.00 USD

2016-12-08 * "EDISON POWER" ""
  Assets:US:BofA:Checking                          -65.00 USD
  Expenses:Home:Electricity                         65.00 USD

2016-12-20 * "Verizon Wireless" ""
  Assets:US:BofA:Checking                          -74.85 USD
  Expenses:Home:Phone                               74.85 USD

2016-12-22 * "Wine-Tarner Cable" ""
  Assets:US:BofA:Checking                          -79.94 USD
  Expenses:Home:Internet                            79.94 USD

2016-12-28 balance Assets:US:BofA:Checking        3416.22 USD

2017-01-04 * "BANK FEES" "Monthly bank fee"
  Assets:US:BofA:Checking                           -4.00 USD
  Expenses:Financial:Fees                            4.00 USD

2017-01-04 * "RiverBank Properties" "Paying the rent"
  Assets:US:BofA:Checking                        -2400.00 USD
  Expenses:Home:Rent                              2400.00 USD

2017-01-08 * "EDISON POWER" ""
  Assets:US:BofA:Checking                          -65.00 USD
  Expenses:Home:Electricity                         65.00 USD

2017-01-20 * "Verizon Wireless" ""
  Assets:US:BofA:Checking                          -69.30 USD
  Expenses:Home:Phone                               69.30 USD

2017-01-22 * "Wine-Tarner Cable" ""
  Assets:US:BofA:Checking                          -80.04 USD
  Expenses:Home:Internet                            80.04 USD

2017-01-24 balance Assets:US:BofA:Checking        4253.63 USD

2017-02-04 * "BANK FEES" "Monthly bank fee"
  Assets:US:BofA:Checking                           -4.00 USD
  Expenses:Financial:Fees                            4.00 USD

2017-02-05 * "RiverBank Properties" "Paying the rent"
  Assets:US:BofA:Checking                        -2400.00 USD
  Expenses:Home:Rent                              2400.00 USD

2017-02-08 * "EDISON POWER" ""
  Assets:US:BofA:Checking                          -65.00 USD
  Expenses:Home:Electricity                         65.00 USD

2017-02-18 * "Verizon Wireless" ""
  Assets:US:BofA:Checking                          -59.31 USD
  Expenses:Home:Phone                               59.31 USD

2017-02-21 * "Wine-Tarner Cable" ""
  Assets:US:BofA:Checking                          -80.06 USD
  Expenses:Home:Internet                            80.06 USD

2017-02-23 balance Assets:US:BofA:Checking        3702.00 USD

2017-03-04 * "BANK FEES" "Monthly bank fee"
  Assets:US:BofA:Checking                           -4.00 USD
  Expenses:Financial:Fees                            4.00 USD

2017-03-04 * "RiverBank Properties" "Paying the rent"
  Assets:US:BofA:Checking                        -2400.00 USD
  Expenses:Home:Rent                              2400.00 USD

2017-03-09 * "EDISON POWER" ""
  Assets:US:BofA:Checking                          -65.00 USD
  Expenses:Home:Electricity                         65.00 USD

2017-03-20 * "Verizon Wireless" ""
  Assets:US:BofA:Checking                          -54.05 USD
  Expenses:Home:Phone                               54.05 USD

2017-03-22 * "Wine-Tarner Cable" ""
  Assets:US:BofA:Checking                          -79.86 USD
  Expenses:Home:Internet                            79.86 USD

2017-03-24 balance Assets:US:BofA:Checking        3654.65 USD

2017-04-03 * "RiverBank Properties" "Paying the rent"
  Assets:US:BofA:Checking                        -2400.00 USD
  Expenses:Home:Rent                              2400.00 USD

2017-04-04 * "BANK FEES" "Monthly bank fee"
  Assets:US:BofA:Checking                           -4.00 USD
  Expenses:Financial:Fees                            4.00 USD

2017-04-08 * "EDISON POWER" ""
  Assets:US:BofA:Checking                          -65.00 USD
  Expenses:Home:Electricity                         65.00 USD

2017-04-17 balance Assets:US:BofA:Checking        1851.27 USD

2017-04-20 * "Verizon Wireless" ""
  Assets:US:BofA:Checking                          -48.48 USD
  Expenses:Home:Phone                               48.48 USD

2017-04-23 * "Wine-Tarner Cable" ""
  Assets:US:BofA:Checking                          -80.09 USD
  Expenses:Home:Internet                            80.09 USD

2017-05-04 * "BANK FEES" "Monthly bank fee"
  Assets:US:BofA:Checking                           -4.00 USD
  Expenses:Financial:Fees                            4.00 USD

2017-05-05 * "RiverBank Properties" "Paying the rent"
  Assets:US:BofA:Checking                        -2400.00 USD
  Expenses:Home:Rent                              2400.00 USD

2017-05-09 * "EDISON POWER" ""
  Assets:US:BofA:Checking                          -65.00 USD
  Expenses:Home:Electricity                         65.00 USD

2017-05-10 balance Assets:US:BofA:Checking        1954.90 USD

2017-05-20 * "Verizon Wireless" ""
  Assets:US:BofA:Checking                          -58.47 USD
  Expenses:Home:Phone                               58.47 USD

2017-05-22 * "Wine-Tarner Cable" ""
  Assets:US:BofA:Checking                          -79.93 USD
  Expenses:Home:Internet                            79.93 USD

2017-05-30 balance Assets:US:BofA:Checking        2609.61 USD

2017-06-03 * "RiverBank Properties" "Paying the rent"
  Assets:US:BofA:Checking                        -2400.00 USD
  Expenses:Home:Rent                              2400.00 USD

2017-06-04 * "BANK FEES" "Monthly bank fee"
  Assets:US:BofA:Checking                           -4.00 USD
  Expenses:Financial:Fees                            4.00 USD

2017-06-09 * "EDISON POWER" ""
  Assets:US:BofA:Checking                          -65.00 USD
  Expenses:Home:Electricity                         65.00 USD

2017-06-20 * "Verizon Wireless" ""
  Assets:US:BofA:Checking                          -69.15 USD
  Expenses:Home:Phone                               69.15 USD

2017-06-22 * "Wine-Tarner Cable" ""
  Assets:US:BofA:Checking                          -79.95 USD
  Expenses:Home:Internet                            79.95 USD

2017-06-23 balance Assets:US:BofA:Checking        2161.78 USD

2017-07-04 * "BANK FEES" "Monthly bank fee"
  Assets:US:BofA:Checking                           -4.00 USD
  Expenses:Financial:Fees                            4.00 USD

2017-07-05 * "RiverBank Properties" "Paying the rent"
  Assets:US:BofA:Checking                        -2400.00 USD
  Expenses:Home:Rent                              2400.00 USD

2017-07-08 * "EDISON POWER" ""
  Assets:US:BofA:Checking                          -65.00 USD
  Expenses:Home:Electricity                         65.00 USD

2017-07-18 balance Assets:US:BofA:Checking        1719.76 USD

2017-07-18 * "Verizon Wireless" ""
  Assets:US:BofA:Checking                          -45.73 USD
  Expenses:Home:Phone                               45.73 USD

2017-07-22 * "Wine-Tarner Cable" ""
  Assets:US:BofA:Checking                          -79.93 USD
  Expenses:Home:Internet                            79.93 USD

2017-08-04 * "BANK FEES" "Monthly bank fee"
  Assets:US:BofA:Checking                           -4.00 USD
  Expenses:Financial:Fees                            4.00 USD

2017-08-06 * "RiverBank Properties" "Paying the rent"
  Assets:US:BofA:Checking                        -2400.00 USD
  Expenses:Home:Rent                              2400.00 USD

2017-08-09 * "EDISON POWER" ""
  Assets:US:BofA:Checking                          -65.00 USD
  Expenses:Home:Electricity                         65.00 USD

2017-08-14 balance Assets:US:BofA:Checking        2176.67 USD

2017-08-18 * "Verizon Wireless" ""
  Assets:US:BofA:Checking                          -79.56 USD
  Expenses:Home:Phone                               79.56 USD

2017-08-21 * "Wine-Tarner Cable" ""
  Assets:US:BofA:Checking                          -80.12 USD
  Expenses:Home:Internet                            80.12 USD

2017-09-04 * "BANK FEES" "Monthly bank fee"
  Assets:US:BofA:Checking                           -4.00 USD
  Expenses:Financial:Fees                            4.00 USD

2017-09-05 * "RiverBank Properties" "Paying the rent"
  Assets:US:BofA:Checking                        -2400.00 USD
  Expenses:Home:Rent                              2400.00 USD

2017-09-07 balance Assets:US:BofA:Checking        2163.59 USD

2017-09-08 * "EDISON POWER" ""
  Assets:US:BofA:Checking                          -65.00 USD
  Expenses:Home:Electricity                         65.00 USD

2017-09-08 * "Transfering accumulated savings to other account"
  Assets:US:BofA:Checking                           -4000 USD
  Assets:US:ETrade:Cash                              4000 USD

2017-09-18 * "Verizon Wireless" ""
  Assets:US:BofA:Checking                          -66.76 USD
  Expenses:Home:Phone                               66.76 USD

2017-09-22 * "Wine-Tarner Cable" ""
  Assets:US:BofA:Checking                          -79.91 USD
  Expenses:Home:Internet                            79.91 USD

2017-10-02 balance Assets:US:BofA:Checking        3053.12 USD

2017-10-04 * "BANK FEES" "Monthly bank fee"
  Assets:US:BofA:Checking                           -4.00 USD
  Expenses:Financial:Fees                            4.00 USD



* Credit-Cards

1980-05-12 open Liabilities:US:Chase:Slate                      USD

2015-01-02 * "China Garden" "Eating out with Joe"
  Liabilities:US:Chase:Slate                       -21.85 USD
  Expenses:Food:Restaurant                          21.85 USD

2015-01-07 * "Uncle Boons" "Eating out with Joe"
  Liabilities:US:Chase:Slate                       -34.55 USD
  Expenses:Food:Restaurant                          34.55 USD

2015-01-07 * "Chase:Slate" "Paying off credit card"
  Liabilities:US:Chase:Slate                        56.40 USD
  Assets:US:BofA:Checking                          -56.40 USD

2015-01-12 * "Jewel of Morroco" "Eating out "
  Liabilities:US:Chase:Slate                       -16.72 USD
  Expenses:Food:Restaurant                          16.72 USD

2015-01-14 * "Cafe Modagor" "Eating out alone"
  Liabilities:US:Chase:Slate                       -28.41 USD
  Expenses:Food:Restaurant                          28.41 USD

2015-01-17 * "Chichipotle" "Eating out with Natasha"
  Liabilities:US:Chase:Slate                       -49.81 USD
  Expenses:Food:Restaurant                          49.81 USD

2015-01-19 * "Chichipotle" "Eating out with Bill"
  Liabilities:US:Chase:Slate                       -26.99 USD
  Expenses:Food:Restaurant                          26.99 USD

2015-01-21 * "Farmer Fresh" "Buying groceries"
  Liabilities:US:Chase:Slate                       -76.81 USD
  Expenses:Food:Groceries                           76.81 USD

2015-01-22 * "Goba Goba" "Eating out with work buddies"
  Liabilities:US:Chase:Slate                       -18.89 USD
  Expenses:Food:Restaurant                          18.89 USD

2015-01-24 balance Liabilities:US:Chase:Slate     -217.63 USD

2015-01-26 * "Rose Flower" "Eating out with Julie"
  Liabilities:US:Chase:Slate                        -9.82 USD
  Expenses:Food:Restaurant                           9.82 USD

2015-01-29 * "Rose Flower" "Eating out alone"
  Liabilities:US:Chase:Slate                       -20.14 USD
  Expenses:Food:Restaurant                          20.14 USD

2015-01-30 * "Metro Transport Authority" "Tram tickets"
  Liabilities:US:Chase:Slate                      -120.00 USD
  Expenses:Transport:Tram                          120.00 USD

2015-02-03 * "Kin Soy" "Eating out "
  Liabilities:US:Chase:Slate                       -18.11 USD
  Expenses:Food:Restaurant                          18.11 USD

2015-02-05 * "Rose Flower" "Eating out with Natasha"
  Liabilities:US:Chase:Slate                       -16.55 USD
  Expenses:Food:Restaurant                          16.55 USD

2015-02-08 * "Chase:Slate" "Paying off credit card"
  Liabilities:US:Chase:Slate                       432.87 USD
  Assets:US:BofA:Checking                         -432.87 USD

2015-02-09 * "Goba Goba" "Eating out with Natasha"
  Liabilities:US:Chase:Slate                       -30.62 USD
  Expenses:Food:Restaurant                          30.62 USD

2015-02-09 * "Good Moods Market" "Buying groceries"
  Liabilities:US:Chase:Slate                       -74.62 USD
  Expenses:Food:Groceries                           74.62 USD

2015-02-14 * "Kin Soy" "Eating out "
  Liabilities:US:Chase:Slate                       -37.15 USD
  Expenses:Food:Restaurant                          37.15 USD

2015-02-16 balance Liabilities:US:Chase:Slate     -111.77 USD

2015-02-17 * "Cafe Modagor" "Eating out after work"
  Liabilities:US:Chase:Slate                       -22.53 USD
  Expenses:Food:Restaurant                          22.53 USD

2015-02-18 * "Rose Flower" "Eating out with Natasha"
  Liabilities:US:Chase:Slate                       -24.15 USD
  Expenses:Food:Restaurant                          24.15 USD

2015-02-21 * "Chichipotle" "Eating out with Joe"
  Liabilities:US:Chase:Slate                       -42.22 USD
  Expenses:Food:Restaurant                          42.22 USD

2015-02-24 * "Good Moods Market" "Buying groceries"
  Liabilities:US:Chase:Slate                       -86.45 USD
  Expenses:Food:Groceries                           86.45 USD

2015-02-26 * "Goba Goba" "Eating out with Joe"
  Liabilities:US:Chase:Slate                       -27.99 USD
  Expenses:Food:Restaurant                          27.99 USD

2015-02-28 * "China Garden" "Eating out "
  Liabilities:US:Chase:Slate                       -27.41 USD
  Expenses:Food:Restaurant                          27.41 USD

2015-03-02 * "Goba Goba" "Eating out after work"
  Liabilities:US:Chase:Slate                       -37.57 USD
  Expenses:Food:Restaurant                          37.57 USD

2015-03-02 * "Metro Transport Authority" "Tram tickets"
  Liabilities:US:Chase:Slate                      -120.00 USD
  Expenses:Transport:Tram                          120.00 USD

2015-03-03 * "Rose Flower" "Eating out with Joe"
  Liabilities:US:Chase:Slate                       -24.77 USD
  Expenses:Food:Restaurant                          24.77 USD

2015-03-07 * "Kin Soy" "Eating out with Joe"
  Liabilities:US:Chase:Slate                       -30.16 USD
  Expenses:Food:Restaurant                          30.16 USD

2015-03-07 * "Chase:Slate" "Paying off credit card"
  Liabilities:US:Chase:Slate                       555.02 USD
  Assets:US:BofA:Checking                         -555.02 USD

2015-03-10 balance Liabilities:US:Chase:Slate           0 USD

2015-03-12 * "China Garden" "Eating out after work"
  Liabilities:US:Chase:Slate                       -33.31 USD
  Expenses:Food:Restaurant                          33.31 USD

2015-03-15 * "Onion Market" "Buying groceries"
  Liabilities:US:Chase:Slate                       -99.99 USD
  Expenses:Food:Groceries                           99.99 USD

2015-03-16 * "Rose Flower" "Eating out "
  Liabilities:US:Chase:Slate                       -27.65 USD
  Expenses:Food:Restaurant                          27.65 USD

2015-03-17 * "Chichipotle" "Eating out with Natasha"
  Liabilities:US:Chase:Slate                       -41.74 USD
  Expenses:Food:Restaurant                          41.74 USD

2015-03-22 * "Cafe Modagor" "Eating out alone"
  Liabilities:US:Chase:Slate                       -27.11 USD
  Expenses:Food:Restaurant                          27.11 USD

2015-03-23 * "Cafe Modagor" "Eating out with work buddies"
  Liabilities:US:Chase:Slate                       -42.12 USD
  Expenses:Food:Restaurant                          42.12 USD

2015-03-24 * "Corner Deli" "Buying groceries"
  Liabilities:US:Chase:Slate                       -91.56 USD
  Expenses:Food:Groceries                           91.56 USD

2015-03-25 * "Uncle Boons" "Eating out alone"
  Liabilities:US:Chase:Slate                       -27.61 USD
  Expenses:Food:Restaurant                          27.61 USD

2015-03-26 * "Cafe Modagor" "Eating out with Joe"
  Liabilities:US:Chase:Slate                       -45.83 USD
  Expenses:Food:Restaurant                          45.83 USD

2015-03-29 * "Metro Transport Authority" "Tram tickets"
  Liabilities:US:Chase:Slate                      -120.00 USD
  Expenses:Transport:Tram                          120.00 USD

2015-03-31 * "Jewel of Morroco" "Eating out with work buddies"
  Liabilities:US:Chase:Slate                       -54.48 USD
  Expenses:Food:Restaurant                          54.48 USD

2015-04-04 * "Goba Goba" "Eating out with Joe"
  Liabilities:US:Chase:Slate                       -42.31 USD
  Expenses:Food:Restaurant                          42.31 USD

2015-04-05 * "Rose Flower" "Eating out with Bill"
  Liabilities:US:Chase:Slate                       -12.37 USD
  Expenses:Food:Restaurant                          12.37 USD

2015-04-07 balance Liabilities:US:Chase:Slate     -666.08 USD

2015-04-08 * "Good Moods Market" "Buying groceries"
  Liabilities:US:Chase:Slate                       -55.90 USD
  Expenses:Food:Groceries                           55.90 USD

2015-04-09 * "Jewel of Morroco" "Eating out with Joe"
  Liabilities:US:Chase:Slate                       -24.93 USD
  Expenses:Food:Restaurant                          24.93 USD

2015-04-09 * "Chase:Slate" "Paying off credit card"
  Liabilities:US:Chase:Slate                       746.91 USD
  Assets:US:BofA:Checking                         -746.91 USD

2015-04-13 * "Kin Soy" "Eating out with Joe"
  Liabilities:US:Chase:Slate                       -22.01 USD
  Expenses:Food:Restaurant                          22.01 USD

2015-04-18 * "China Garden" "Eating out "
  Liabilities:US:Chase:Slate                       -21.65 USD
  Expenses:Food:Restaurant                          21.65 USD

2015-04-23 * "Chichipotle" "Eating out with Bill"
  Liabilities:US:Chase:Slate                       -69.79 USD
  Expenses:Food:Restaurant                          69.79 USD

2015-04-27 * "Corner Deli" "Buying groceries"
  Liabilities:US:Chase:Slate                       -56.61 USD
  Expenses:Food:Groceries                           56.61 USD

2015-04-28 * "Jewel of Morroco" "Eating out with Bill"
  Liabilities:US:Chase:Slate                       -43.95 USD
  Expenses:Food:Restaurant                          43.95 USD

2015-04-30 * "Metro Transport Authority" "Tram tickets"
  Liabilities:US:Chase:Slate                      -120.00 USD
  Expenses:Transport:Tram                          120.00 USD

2015-05-02 * "Rose Flower" "Eating out with Bill"
  Liabilities:US:Chase:Slate                       -67.93 USD
  Expenses:Food:Restaurant                          67.93 USD

2015-05-06 * "China Garden" "Eating out after work"
  Liabilities:US:Chase:Slate                       -23.02 USD
  Expenses:Food:Restaurant                          23.02 USD

2015-05-07 balance Liabilities:US:Chase:Slate     -424.96 USD

2015-05-07 * "Chase:Slate" "Paying off credit card"
  Liabilities:US:Chase:Slate                       445.76 USD
  Assets:US:BofA:Checking                         -445.76 USD

2015-05-10 * "Rose Flower" "Eating out with work buddies"
  Liabilities:US:Chase:Slate                       -20.80 USD
  Expenses:Food:Restaurant                          20.80 USD

2015-05-12 * "Jewel of Morroco" "Eating out with Joe"
  Liabilities:US:Chase:Slate                       -33.37 USD
  Expenses:Food:Restaurant                          33.37 USD

2015-05-17 * "Jewel of Morroco" "Eating out with work buddies"
  Liabilities:US:Chase:Slate                       -28.49 USD
  Expenses:Food:Restaurant                          28.49 USD

2015-05-17 * "Onion Market" "Buying groceries"
  Liabilities:US:Chase:Slate                      -144.09 USD
  Expenses:Food:Groceries                          144.09 USD

2015-05-18 * "Cafe Modagor" "Eating out with Natasha"
  Liabilities:US:Chase:Slate                       -18.62 USD
  Expenses:Food:Restaurant                          18.62 USD

2015-05-21 * "Uncle Boons" "Eating out with Julie"
  Liabilities:US:Chase:Slate                       -48.74 USD
  Expenses:Food:Restaurant                          48.74 USD

2015-05-25 * "Goba Goba" "Eating out with Natasha"
  Liabilities:US:Chase:Slate                       -23.45 USD
  Expenses:Food:Restaurant                          23.45 USD

2015-05-29 balance Liabilities:US:Chase:Slate     -296.76 USD

2015-05-29 * "Uncle Boons" "Eating out alone"
  Liabilities:US:Chase:Slate                       -14.87 USD
  Expenses:Food:Restaurant                          14.87 USD

2015-05-30 * "Metro Transport Authority" "Tram tickets"
  Liabilities:US:Chase:Slate                      -120.00 USD
  Expenses:Transport:Tram                          120.00 USD

2015-06-03 * "Goba Goba" "Eating out with Bill"
  Liabilities:US:Chase:Slate                       -27.37 USD
  Expenses:Food:Restaurant                          27.37 USD

2015-06-04 * "Kin Soy" "Eating out with Joe"
  Liabilities:US:Chase:Slate                       -43.33 USD
  Expenses:Food:Restaurant                          43.33 USD

2015-06-06 * "Corner Deli" "Buying groceries"
  Liabilities:US:Chase:Slate                      -109.39 USD
  Expenses:Food:Groceries                          109.39 USD

2015-06-07 * "Chichipotle" "Eating out with work buddies"
  Liabilities:US:Chase:Slate                       -16.58 USD
  Expenses:Food:Restaurant                          16.58 USD

2015-06-10 * "Chichipotle" "Eating out with Bill"
  Liabilities:US:Chase:Slate                       -28.77 USD
  Expenses:Food:Restaurant                          28.77 USD

2015-06-11 * "Chase:Slate" "Paying off credit card"
  Liabilities:US:Chase:Slate                       681.19 USD
  Assets:US:BofA:Checking                         -681.19 USD

2015-06-13 * "Cafe Modagor" "Eating out after work"
  Liabilities:US:Chase:Slate                       -24.12 USD
  Expenses:Food:Restaurant                          24.12 USD

2015-06-16 * "Chichipotle" "Eating out after work"
  Liabilities:US:Chase:Slate                       -31.35 USD
  Expenses:Food:Restaurant                          31.35 USD

2015-06-17 * "Cafe Modagor" "Eating out after work"
  Liabilities:US:Chase:Slate                       -31.06 USD
  Expenses:Food:Restaurant                          31.06 USD

2015-06-22 balance Liabilities:US:Chase:Slate      -62.41 USD

2015-06-22 * "Kin Soy" "Eating out alone"
  Liabilities:US:Chase:Slate                       -51.62 USD
  Expenses:Food:Restaurant                          51.62 USD

2015-06-24 * "Corner Deli" "Buying groceries"
  Liabilities:US:Chase:Slate                       -41.78 USD
  Expenses:Food:Groceries                           41.78 USD

2015-06-27 * "Cafe Modagor" "Eating out with work buddies"
  Liabilities:US:Chase:Slate                       -41.52 USD
  Expenses:Food:Restaurant                          41.52 USD

2015-06-28 * "Jewel of Morroco" "Eating out after work"
  Liabilities:US:Chase:Slate                       -24.38 USD
  Expenses:Food:Restaurant                          24.38 USD

2015-06-30 * "Uncle Boons" "Eating out "
  Liabilities:US:Chase:Slate                       -31.71 USD
  Expenses:Food:Restaurant                          31.71 USD

2015-07-01 * "Metro Transport Authority" "Tram tickets"
  Liabilities:US:Chase:Slate                      -120.00 USD
  Expenses:Transport:Tram                          120.00 USD

2015-07-03 * "Uncle Boons" "Eating out with Joe"
  Liabilities:US:Chase:Slate                       -28.51 USD
  Expenses:Food:Restaurant                          28.51 USD

2015-07-03 * "Farmer Fresh" "Buying groceries"
  Liabilities:US:Chase:Slate                      -110.12 USD
  Expenses:Food:Groceries                          110.12 USD

2015-07-06 * "Chichipotle" "Eating out with Joe"
  Liabilities:US:Chase:Slate                       -19.02 USD
  Expenses:Food:Restaurant                          19.02 USD

2015-07-08 * "Chichipotle" "Eating out with Natasha"
  Liabilities:US:Chase:Slate                       -18.30 USD
  Expenses:Food:Restaurant                          18.30 USD

2015-07-09 * "Jewel of Morroco" "Eating out with work buddies"
  Liabilities:US:Chase:Slate                       -24.27 USD
  Expenses:Food:Restaurant                          24.27 USD

2015-07-09 * "Chase:Slate" "Paying off credit card"
  Liabilities:US:Chase:Slate                       573.64 USD
  Assets:US:BofA:Checking                         -573.64 USD

2015-07-10 * "Chichipotle" "Eating out with Bill"
  Liabilities:US:Chase:Slate                       -19.44 USD
  Expenses:Food:Restaurant                          19.44 USD

2015-07-12 balance Liabilities:US:Chase:Slate      -19.44 USD

2015-07-14 * "Kin Soy" "Eating out with Julie"
  Liabilities:US:Chase:Slate                       -23.13 USD
  Expenses:Food:Restaurant                          23.13 USD

2015-07-16 * "Cafe Modagor" "Eating out alone"
  Liabilities:US:Chase:Slate                       -41.47 USD
  Expenses:Food:Restaurant                          41.47 USD

2015-07-16 * "Farmer Fresh" "Buying groceries"
  Liabilities:US:Chase:Slate                       -86.11 USD
  Expenses:Food:Groceries                           86.11 USD

2015-07-20 * "Kin Soy" "Eating out with Joe"
  Liabilities:US:Chase:Slate                       -31.81 USD
  Expenses:Food:Restaurant                          31.81 USD

2015-07-25 * "Rose Flower" "Eating out after work"
  Liabilities:US:Chase:Slate                       -33.70 USD
  Expenses:Food:Restaurant                          33.70 USD

2015-07-29 * "China Garden" "Eating out with work buddies"
  Liabilities:US:Chase:Slate                       -29.60 USD
  Expenses:Food:Restaurant                          29.60 USD

2015-07-30 * "Rose Flower" "Eating out alone"
  Liabilities:US:Chase:Slate                       -39.18 USD
  Expenses:Food:Restaurant                          39.18 USD

2015-08-01 * "Kin Soy" "Eating out "
  Liabilities:US:Chase:Slate                       -26.05 USD
  Expenses:Food:Restaurant                          26.05 USD

2015-08-01 * "Metro Transport Authority" "Tram tickets"
  Liabilities:US:Chase:Slate                      -120.00 USD
  Expenses:Transport:Tram                          120.00 USD

2015-08-02 * "Onion Market" "Buying groceries"
  Liabilities:US:Chase:Slate                      -132.12 USD
  Expenses:Food:Groceries                          132.12 USD

2015-08-03 * "Jewel of Morroco" "Eating out "
  Liabilities:US:Chase:Slate                       -26.35 USD
  Expenses:Food:Restaurant                          26.35 USD

2015-08-07 * "Jewel of Morroco" "Eating out with Julie"
  Liabilities:US:Chase:Slate                       -42.48 USD
  Expenses:Food:Restaurant                          42.48 USD

2015-08-08 * "Chichipotle" "Eating out "
  Liabilities:US:Chase:Slate                       -28.20 USD
  Expenses:Food:Restaurant                          28.20 USD

2015-08-10 * "China Garden" "Eating out with Bill"
  Liabilities:US:Chase:Slate                       -24.28 USD
  Expenses:Food:Restaurant                          24.28 USD

2015-08-10 * "Chase:Slate" "Paying off credit card"
  Liabilities:US:Chase:Slate                       703.92 USD
  Assets:US:BofA:Checking                         -703.92 USD

2015-08-11 balance Liabilities:US:Chase:Slate           0 USD

2015-08-11 * "Uncle Boons" "Eating out with Joe"
  Liabilities:US:Chase:Slate                       -24.42 USD
  Expenses:Food:Restaurant                          24.42 USD

2015-08-16 * "Rose Flower" "Eating out after work"
  Liabilities:US:Chase:Slate                       -21.89 USD
  Expenses:Food:Restaurant                          21.89 USD

2015-08-19 * "Good Moods Market" "Buying groceries"
  Liabilities:US:Chase:Slate                       -74.63 USD
  Expenses:Food:Groceries                           74.63 USD

2015-08-21 * "Kin Soy" "Eating out with work buddies"
  Liabilities:US:Chase:Slate                       -23.33 USD
  Expenses:Food:Restaurant                          23.33 USD

2015-08-24 * "Uncle Boons" "Eating out with work buddies"
  Liabilities:US:Chase:Slate                       -65.27 USD
  Expenses:Food:Restaurant                          65.27 USD

2015-08-27 * "China Garden" "Eating out alone"
  Liabilities:US:Chase:Slate                       -26.31 USD
  Expenses:Food:Restaurant                          26.31 USD

2015-08-29 * "Corner Deli" "Buying groceries"
  Liabilities:US:Chase:Slate                      -110.81 USD
  Expenses:Food:Groceries                          110.81 USD

2015-08-30 * "Metro Transport Authority" "Tram tickets"
  Liabilities:US:Chase:Slate                      -120.00 USD
  Expenses:Transport:Tram                          120.00 USD

2015-08-31 * "Kin Soy" "Eating out with Joe"
  Liabilities:US:Chase:Slate                       -30.21 USD
  Expenses:Food:Restaurant                          30.21 USD

2015-09-03 * "Jewel of Morroco" "Eating out with work buddies"
  Liabilities:US:Chase:Slate                       -24.73 USD
  Expenses:Food:Restaurant                          24.73 USD

2015-09-04 balance Liabilities:US:Chase:Slate     -521.60 USD

2015-09-06 * "Good Moods Market" "Buying groceries"
  Liabilities:US:Chase:Slate                       -61.26 USD
  Expenses:Food:Groceries                           61.26 USD

2015-09-07 * "China Garden" "Eating out with Natasha"
  Liabilities:US:Chase:Slate                       -27.97 USD
  Expenses:Food:Restaurant                          27.97 USD

2015-09-11 * "China Garden" "Eating out with Bill"
  Liabilities:US:Chase:Slate                       -29.67 USD
  Expenses:Food:Restaurant                          29.67 USD

2015-09-11 * "Chase:Slate" "Paying off credit card"
  Liabilities:US:Chase:Slate                       640.50 USD
  Assets:US:BofA:Checking                         -640.50 USD

2015-09-13 * "Jewel of Morroco" "Eating out alone"
  Liabilities:US:Chase:Slate                       -16.30 USD
  Expenses:Food:Restaurant                          16.30 USD

2015-09-15 * "Uncle Boons" "Eating out with work buddies"
  Liabilities:US:Chase:Slate                       -31.02 USD
  Expenses:Food:Restaurant                          31.02 USD

2015-09-15 * "Good Moods Market" "Buying groceries"
  Liabilities:US:Chase:Slate                      -127.41 USD
  Expenses:Food:Groceries                          127.41 USD

2015-09-20 * "Goba Goba" "Eating out after work"
  Liabilities:US:Chase:Slate                       -12.84 USD
  Expenses:Food:Restaurant                          12.84 USD

2015-09-23 * "Cafe Modagor" "Eating out with Natasha"
  Liabilities:US:Chase:Slate                       -27.87 USD
  Expenses:Food:Restaurant                          27.87 USD

2015-09-26 * "Uncle Boons" "Eating out with work buddies"
  Liabilities:US:Chase:Slate                       -24.73 USD
  Expenses:Food:Restaurant                          24.73 USD

2015-09-27 * "Good Moods Market" "Buying groceries"
  Liabilities:US:Chase:Slate                       -91.49 USD
  Expenses:Food:Groceries                           91.49 USD

2015-09-28 * "Metro Transport Authority" "Tram tickets"
  Liabilities:US:Chase:Slate                      -120.00 USD
  Expenses:Transport:Tram                          120.00 USD

2015-09-29 balance Liabilities:US:Chase:Slate     -451.66 USD

2015-10-01 * "Jewel of Morroco" "Eating out "
  Liabilities:US:Chase:Slate                       -43.74 USD
  Expenses:Food:Restaurant                          43.74 USD

2015-10-03 * "China Garden" "Eating out after work"
  Liabilities:US:Chase:Slate                       -31.73 USD
  Expenses:Food:Restaurant                          31.73 USD

2015-10-08 * "China Garden" "Eating out after work"
  Liabilities:US:Chase:Slate                       -37.56 USD
  Expenses:Food:Restaurant                          37.56 USD

2015-10-08 * "Onion Market" "Buying groceries"
  Liabilities:US:Chase:Slate                       -65.40 USD
  Expenses:Food:Groceries                           65.40 USD

2015-10-11 * "Chase:Slate" "Paying off credit card"
  Liabilities:US:Chase:Slate                       648.74 USD
  Assets:US:BofA:Checking                         -648.74 USD

2015-10-13 * "Rose Flower" "Eating out with Natasha"
  Liabilities:US:Chase:Slate                       -18.65 USD
  Expenses:Food:Restaurant                          18.65 USD

2015-10-15 * "Farmer Fresh" "Buying groceries"
  Liabilities:US:Chase:Slate                      -117.70 USD
  Expenses:Food:Groceries                          117.70 USD

2015-10-17 * "Goba Goba" "Eating out with Natasha"
  Liabilities:US:Chase:Slate                       -22.35 USD
  Expenses:Food:Restaurant                          22.35 USD

2015-10-22 balance Liabilities:US:Chase:Slate     -140.05 USD

2015-10-22 * "Cafe Modagor" "Eating out with Julie"
  Liabilities:US:Chase:Slate                       -20.22 USD
  Expenses:Food:Restaurant                          20.22 USD

2015-10-24 * "Chichipotle" "Eating out with Bill"
  Liabilities:US:Chase:Slate                       -28.21 USD
  Expenses:Food:Restaurant                          28.21 USD

2015-10-26 * "Kin Soy" "Eating out with Bill"
  Liabilities:US:Chase:Slate                       -27.48 USD
  Expenses:Food:Restaurant                          27.48 USD

2015-10-26 * "Metro Transport Authority" "Tram tickets"
  Liabilities:US:Chase:Slate                      -120.00 USD
  Expenses:Transport:Tram                          120.00 USD

2015-10-28 * "Kin Soy" "Eating out after work"
  Liabilities:US:Chase:Slate                       -49.02 USD
  Expenses:Food:Restaurant                          49.02 USD

2015-10-29 * "Farmer Fresh" "Buying groceries"
  Liabilities:US:Chase:Slate                       -61.37 USD
  Expenses:Food:Groceries                           61.37 USD

2015-10-31 * "Kin Soy" "Eating out after work"
  Liabilities:US:Chase:Slate                       -28.61 USD
  Expenses:Food:Restaurant                          28.61 USD

2015-11-02 * "Uncle Boons" "Eating out with Bill"
  Liabilities:US:Chase:Slate                       -26.63 USD
  Expenses:Food:Restaurant                          26.63 USD

2015-11-07 * "China Garden" "Eating out with Julie"
  Liabilities:US:Chase:Slate                       -37.27 USD
  Expenses:Food:Restaurant                          37.27 USD

2015-11-10 * "Corner Deli" "Buying groceries"
  Liabilities:US:Chase:Slate                      -130.95 USD
  Expenses:Food:Groceries                          130.95 USD

2015-11-10 * "Chase:Slate" "Paying off credit card"
  Liabilities:US:Chase:Slate                       669.81 USD
  Assets:US:BofA:Checking                         -669.81 USD

2015-11-11 * "Rose Flower" "Eating out with Julie"
  Liabilities:US:Chase:Slate                       -45.34 USD
  Expenses:Food:Restaurant                          45.34 USD

2015-11-12 * "Goba Goba" "Eating out after work"
  Liabilities:US:Chase:Slate                       -22.86 USD
  Expenses:Food:Restaurant                          22.86 USD

2015-11-16 * "Onion Market" "Buying groceries"
  Liabilities:US:Chase:Slate                       -81.05 USD
  Expenses:Food:Groceries                           81.05 USD

2015-11-17 * "Uncle Boons" "Eating out "
  Liabilities:US:Chase:Slate                       -47.98 USD
  Expenses:Food:Restaurant                          47.98 USD

2015-11-21 balance Liabilities:US:Chase:Slate     -197.23 USD

2015-11-22 * "Chichipotle" "Eating out "
  Liabilities:US:Chase:Slate                       -25.44 USD
  Expenses:Food:Restaurant                          25.44 USD

2015-11-25 * "China Garden" "Eating out with Joe"
  Liabilities:US:Chase:Slate                       -21.01 USD
  Expenses:Food:Restaurant                          21.01 USD

2015-11-26 * "Metro Transport Authority" "Tram tickets"
  Liabilities:US:Chase:Slate                      -120.00 USD
  Expenses:Transport:Tram                          120.00 USD

2015-11-27 * "Rose Flower" "Eating out with Joe"
  Liabilities:US:Chase:Slate                       -30.22 USD
  Expenses:Food:Restaurant                          30.22 USD

2015-11-28 * "Kin Soy" "Eating out with work buddies"
  Liabilities:US:Chase:Slate                       -37.26 USD
  Expenses:Food:Restaurant                          37.26 USD

2015-11-28 * "Good Moods Market" "Buying groceries"
  Liabilities:US:Chase:Slate                       -75.06 USD
  Expenses:Food:Groceries                           75.06 USD

2015-12-01 * "Chichipotle" "Eating out alone"
  Liabilities:US:Chase:Slate                       -28.90 USD
  Expenses:Food:Restaurant                          28.90 USD

2015-12-06 * "Jewel of Morroco" "Eating out with Bill"
  Liabilities:US:Chase:Slate                       -24.99 USD
  Expenses:Food:Restaurant                          24.99 USD

2015-12-07 * "Corner Deli" "Buying groceries"
  Liabilities:US:Chase:Slate                       -55.63 USD
  Expenses:Food:Groceries                           55.63 USD

2015-12-07 * "Chase:Slate" "Paying off credit card"
  Liabilities:US:Chase:Slate                       615.74 USD
  Assets:US:BofA:Checking                         -615.74 USD

2015-12-11 * "Jewel of Morroco" "Eating out alone"
  Liabilities:US:Chase:Slate                       -28.33 USD
  Expenses:Food:Restaurant                          28.33 USD

2015-12-16 * "Kin Soy" "Eating out with Natasha"
  Liabilities:US:Chase:Slate                       -37.80 USD
  Expenses:Food:Restaurant                          37.80 USD

2015-12-18 * "Corner Deli" "Buying groceries"
  Liabilities:US:Chase:Slate                      -104.13 USD
  Expenses:Food:Groceries                          104.13 USD

2015-12-20 * "Cafe Modagor" "Eating out with Julie"
  Liabilities:US:Chase:Slate                       -41.08 USD
  Expenses:Food:Restaurant                          41.08 USD

2015-12-21 balance Liabilities:US:Chase:Slate     -211.34 USD

2015-12-23 * "Metro Transport Authority" "Tram tickets"
  Liabilities:US:Chase:Slate                      -120.00 USD
  Expenses:Transport:Tram                          120.00 USD

2015-12-24 * "Chichipotle" "Eating out after work"
  Liabilities:US:Chase:Slate                       -35.60 USD
  Expenses:Food:Restaurant                          35.60 USD

2015-12-25 * "Jewel of Morroco" "Eating out with Joe"
  Liabilities:US:Chase:Slate                       -50.06 USD
  Expenses:Food:Restaurant                          50.06 USD

2015-12-26 * "China Garden" "Eating out with Julie"
  Liabilities:US:Chase:Slate                       -12.59 USD
  Expenses:Food:Restaurant                          12.59 USD

2015-12-30 * "Chichipotle" "Eating out alone"
  Liabilities:US:Chase:Slate                       -30.88 USD
  Expenses:Food:Restaurant                          30.88 USD

2016-01-03 * "Kin Soy" "Eating out with work buddies"
  Liabilities:US:Chase:Slate                       -17.60 USD
  Expenses:Food:Restaurant                          17.60 USD

2016-01-05 * "Good Moods Market" "Buying groceries"
  Liabilities:US:Chase:Slate                       -91.80 USD
  Expenses:Food:Groceries                           91.80 USD

2016-01-06 event "location" "New York"

2016-01-08 * "Laut" "" #trip-new-york-2016
  Liabilities:US:Chase:Slate                       -27.85 USD
  Expenses:Food:Restaurant                          27.85 USD

2016-01-08 * "La Colombe" "" #trip-new-york-2016
  Liabilities:US:Chase:Slate                        -4.16 USD
  Expenses:Food:Coffee                               4.16 USD

2016-01-09 * "Uncle Boons" "" #trip-new-york-2016
  Liabilities:US:Chase:Slate                       -36.90 USD
  Expenses:Food:Restaurant                          36.90 USD

2016-01-09 * "Takahachi" "" #trip-new-york-2016
  Liabilities:US:Chase:Slate                       -50.58 USD
  Expenses:Food:Restaurant                          50.58 USD

2016-01-09 * "La Colombe" "" #trip-new-york-2016
  Liabilities:US:Chase:Slate                        -7.72 USD
  Expenses:Food:Coffee                               7.72 USD

2016-01-09 * "Chase:Slate" "Paying off credit card"
  Liabilities:US:Chase:Slate                       596.37 USD
  Assets:US:BofA:Checking                         -596.37 USD

2016-01-10 * "Cafe Select" "" #trip-new-york-2016
  Liabilities:US:Chase:Slate                       -31.05 USD
  Expenses:Food:Restaurant                          31.05 USD

2016-01-10 * "La Colombe" "" #trip-new-york-2016
  Liabilities:US:Chase:Slate                        -6.58 USD
  Expenses:Food:Coffee                               6.58 USD

2016-01-11 * "Laut" "" #trip-new-york-2016
  Liabilities:US:Chase:Slate                       -31.26 USD
  Expenses:Food:Restaurant                          31.26 USD

2016-01-12 balance Liabilities:US:Chase:Slate     -169.60 USD

2016-01-12 * "Cafe Select" "" #trip-new-york-2016
  Liabilities:US:Chase:Slate                       -22.39 USD
  Expenses:Food:Restaurant                          22.39 USD

2016-01-13 * "Takahachi" "" #trip-new-york-2016
  Liabilities:US:Chase:Slate                       -57.78 USD
  Expenses:Food:Restaurant                          57.78 USD

2016-01-13 * "La Colombe" "" #trip-new-york-2016
  Liabilities:US:Chase:Slate                        -6.34 USD
  Expenses:Food:Coffee                               6.34 USD

2016-01-14 * "Uncle Boons" "" #trip-new-york-2016
  Liabilities:US:Chase:Slate                       -48.33 USD
  Expenses:Food:Restaurant                          48.33 USD

2016-01-14 * "Laut" "" #trip-new-york-2016
  Liabilities:US:Chase:Slate                       -29.06 USD
  Expenses:Food:Restaurant                          29.06 USD

2016-01-14 * "La Colombe" "" #trip-new-york-2016
  Liabilities:US:Chase:Slate                        -6.58 USD
  Expenses:Food:Coffee                               6.58 USD

2016-01-15 * "Laut" "" #trip-new-york-2016
  Liabilities:US:Chase:Slate                       -29.44 USD
  Expenses:Food:Restaurant                          29.44 USD

2016-01-16 * "Uncle Boons" "" #trip-new-york-2016
  Liabilities:US:Chase:Slate                       -44.41 USD
  Expenses:Food:Restaurant                          44.41 USD

2016-01-16 * "Takahachi" "" #trip-new-york-2016
  Liabilities:US:Chase:Slate                       -49.16 USD
  Expenses:Food:Restaurant                          49.16 USD

2016-01-16 * "Laut" "" #trip-new-york-2016
  Liabilities:US:Chase:Slate                       -33.95 USD
  Expenses:Food:Restaurant                          33.95 USD

2016-01-16 * "La Colombe" "" #trip-new-york-2016
  Liabilities:US:Chase:Slate                        -6.18 USD
  Expenses:Food:Coffee                               6.18 USD

2016-01-17 * "Takahachi" "" #trip-new-york-2016
  Liabilities:US:Chase:Slate                       -56.34 USD
  Expenses:Food:Restaurant                          56.34 USD

2016-01-18 * "Gimme! Coffee" "" #trip-new-york-2016
  Liabilities:US:Chase:Slate                        -6.76 USD
  Expenses:Food:Coffee                               6.76 USD

2016-01-20 * "Uncle Boons" "" #trip-new-york-2016
  Liabilities:US:Chase:Slate                       -40.49 USD
  Expenses:Food:Restaurant                          40.49 USD

2016-01-20 * "Cafe Select" "" #trip-new-york-2016
  Liabilities:US:Chase:Slate                       -31.75 USD
  Expenses:Food:Restaurant                          31.75 USD

2016-01-21 * "Uncle Boons" "" #trip-new-york-2016
  Liabilities:US:Chase:Slate                       -33.78 USD
  Expenses:Food:Restaurant                          33.78 USD

2016-01-21 * "La Colombe" "" #trip-new-york-2016
  Liabilities:US:Chase:Slate                        -5.34 USD
  Expenses:Food:Coffee                               5.34 USD

2016-01-22 * "Takahachi" "" #trip-new-york-2016
  Liabilities:US:Chase:Slate                       -52.37 USD
  Expenses:Food:Restaurant                          52.37 USD

2016-01-23 * "Uncle Boons" "" #trip-new-york-2016
  Liabilities:US:Chase:Slate                       -38.11 USD
  Expenses:Food:Restaurant                          38.11 USD

2016-01-23 * "Gimme! Coffee" "" #trip-new-york-2016
  Liabilities:US:Chase:Slate                        -9.33 USD
  Expenses:Food:Coffee                               9.33 USD

2016-01-24 * "Uncle Boons" "" #trip-new-york-2016
  Liabilities:US:Chase:Slate                       -33.01 USD
  Expenses:Food:Restaurant                          33.01 USD

2016-01-24 * "Cafe Select" "" #trip-new-york-2016
  Liabilities:US:Chase:Slate                       -29.94 USD
  Expenses:Food:Restaurant                          29.94 USD

2016-01-24 * "Laut" "" #trip-new-york-2016
  Liabilities:US:Chase:Slate                       -36.27 USD
  Expenses:Food:Restaurant                          36.27 USD

2016-01-25 * "Takahachi" "" #trip-new-york-2016
  Liabilities:US:Chase:Slate                       -63.00 USD
  Expenses:Food:Restaurant                          63.00 USD

2016-01-25 * "Laut" "" #trip-new-york-2016
  Liabilities:US:Chase:Slate                       -29.63 USD
  Expenses:Food:Restaurant                          29.63 USD

2016-01-25 * "Consume vacation days"
  Assets:US:BayBook:Vacation                         -152 VACHR
  Expenses:Vacation                                   152 VACHR

2016-01-25 event "location" "New Metropolis"

2016-01-28 * "Kin Soy" "Eating out with Bill"
  Liabilities:US:Chase:Slate                       -26.50 USD
  Expenses:Food:Restaurant                          26.50 USD

2016-01-30 * "Jewel of Morroco" "Eating out with Natasha"
  Liabilities:US:Chase:Slate                       -23.40 USD
  Expenses:Food:Restaurant                          23.40 USD

2016-02-01 * "Goba Goba" "Eating out with Bill"
  Liabilities:US:Chase:Slate                       -17.99 USD
  Expenses:Food:Restaurant                          17.99 USD

2016-02-04 * "Cafe Modagor" "Eating out "
  Liabilities:US:Chase:Slate                       -17.61 USD
  Expenses:Food:Restaurant                          17.61 USD

2016-02-06 balance Liabilities:US:Chase:Slate    -1054.84 USD

2016-02-08 * "Onion Market" "Buying groceries"
  Liabilities:US:Chase:Slate                       -78.95 USD
  Expenses:Food:Groceries                           78.95 USD

2016-02-09 * "Jewel of Morroco" "Eating out after work"
  Liabilities:US:Chase:Slate                       -32.33 USD
  Expenses:Food:Restaurant                          32.33 USD

2016-02-10 * "Kin Soy" "Eating out with Joe"
  Liabilities:US:Chase:Slate                       -39.91 USD
  Expenses:Food:Restaurant                          39.91 USD

2016-02-10 * "Chase:Slate" "Paying off credit card"
  Liabilities:US:Chase:Slate                       210.19 USD
  Assets:US:BofA:Checking                         -210.19 USD

2016-02-14 * "Kin Soy" "Eating out alone"
  Liabilities:US:Chase:Slate                       -27.69 USD
  Expenses:Food:Restaurant                          27.69 USD

2016-02-15 * "Cafe Modagor" "Eating out with work buddies"
  Liabilities:US:Chase:Slate                       -25.06 USD
  Expenses:Food:Restaurant                          25.06 USD

2016-02-18 * "Cafe Modagor" "Eating out with Joe"
  Liabilities:US:Chase:Slate                       -15.73 USD
  Expenses:Food:Restaurant                          15.73 USD

2016-02-19 * "Farmer Fresh" "Buying groceries"
  Liabilities:US:Chase:Slate                       -86.41 USD
  Expenses:Food:Groceries                           86.41 USD

2016-02-21 * "Uncle Boons" "Eating out with Joe"
  Liabilities:US:Chase:Slate                       -19.40 USD
  Expenses:Food:Restaurant                          19.40 USD

2016-02-21 * "Metro Transport Authority" "Tram tickets"
  Liabilities:US:Chase:Slate                      -120.00 USD
  Expenses:Transport:Tram                          120.00 USD

2016-02-22 * "Chichipotle" "Eating out with Joe"
  Liabilities:US:Chase:Slate                       -34.77 USD
  Expenses:Food:Restaurant                          34.77 USD

2016-02-27 * "Uncle Boons" "Eating out alone"
  Liabilities:US:Chase:Slate                       -42.71 USD
  Expenses:Food:Restaurant                          42.71 USD

2016-02-29 balance Liabilities:US:Chase:Slate    -1367.61 USD

2016-02-29 * "Cafe Modagor" "Eating out with work buddies"
  Liabilities:US:Chase:Slate                       -56.91 USD
  Expenses:Food:Restaurant                          56.91 USD

2016-03-03 * "Goba Goba" "Eating out after work"
  Liabilities:US:Chase:Slate                       -41.44 USD
  Expenses:Food:Restaurant                          41.44 USD

2016-03-03 * "Onion Market" "Buying groceries"
  Liabilities:US:Chase:Slate                       -64.54 USD
  Expenses:Food:Groceries                           64.54 USD

2016-03-06 * "Chichipotle" "Eating out with Julie"
  Liabilities:US:Chase:Slate                       -13.91 USD
  Expenses:Food:Restaurant                          13.91 USD

2016-03-08 * "Corner Deli" "Buying groceries"
  Liabilities:US:Chase:Slate                       -48.15 USD
  Expenses:Food:Groceries                           48.15 USD

2016-03-08 * "Chase:Slate" "Paying off credit card"
  Liabilities:US:Chase:Slate                       596.72 USD
  Assets:US:BofA:Checking                         -596.72 USD

2016-03-09 * "Uncle Boons" "Eating out with Julie"
  Liabilities:US:Chase:Slate                       -38.53 USD
  Expenses:Food:Restaurant                          38.53 USD

2016-03-13 * "Rose Flower" "Eating out with Joe"
  Liabilities:US:Chase:Slate                       -27.00 USD
  Expenses:Food:Restaurant                          27.00 USD

2016-03-14 * "Uncle Boons" "Eating out after work"
  Liabilities:US:Chase:Slate                       -43.40 USD
  Expenses:Food:Restaurant                          43.40 USD

2016-03-18 * "Goba Goba" "Eating out "
  Liabilities:US:Chase:Slate                       -20.97 USD
  Expenses:Food:Restaurant                          20.97 USD

2016-03-19 * "Corner Deli" "Buying groceries"
  Liabilities:US:Chase:Slate                       -73.71 USD
  Expenses:Food:Groceries                           73.71 USD

2016-03-19 * "Metro Transport Authority" "Tram tickets"
  Liabilities:US:Chase:Slate                      -120.00 USD
  Expenses:Transport:Tram                          120.00 USD

2016-03-20 balance Liabilities:US:Chase:Slate    -1319.45 USD

2016-03-21 * "China Garden" "Eating out with Joe"
  Liabilities:US:Chase:Slate                       -27.74 USD
  Expenses:Food:Restaurant                          27.74 USD

2016-03-24 * "Goba Goba" "Eating out with work buddies"
  Liabilities:US:Chase:Slate                       -19.91 USD
  Expenses:Food:Restaurant                          19.91 USD

2016-03-28 * "Goba Goba" "Eating out with Natasha"
  Liabilities:US:Chase:Slate                       -44.48 USD
  Expenses:Food:Restaurant                          44.48 USD

2016-03-31 * "Cafe Modagor" "Eating out with Natasha"
  Liabilities:US:Chase:Slate                       -49.25 USD
  Expenses:Food:Restaurant                          49.25 USD

2016-04-05 * "Cafe Modagor" "Eating out alone"
  Liabilities:US:Chase:Slate                       -53.24 USD
  Expenses:Food:Restaurant                          53.24 USD

2016-04-08 * "Goba Goba" "Eating out alone"
  Liabilities:US:Chase:Slate                       -41.23 USD
  Expenses:Food:Restaurant                          41.23 USD

2016-04-08 * "Onion Market" "Buying groceries"
  Liabilities:US:Chase:Slate                       -88.43 USD
  Expenses:Food:Groceries                           88.43 USD

2016-04-09 * "Chase:Slate" "Paying off credit card"
  Liabilities:US:Chase:Slate                       664.35 USD
  Assets:US:BofA:Checking                         -664.35 USD

2016-04-12 * "Goba Goba" "Eating out with Julie"
  Liabilities:US:Chase:Slate                       -16.46 USD
  Expenses:Food:Restaurant                          16.46 USD

2016-04-14 * "Kin Soy" "Eating out with work buddies"
  Liabilities:US:Chase:Slate                       -26.78 USD
  Expenses:Food:Restaurant                          26.78 USD

2016-04-17 balance Liabilities:US:Chase:Slate    -1022.62 USD

2016-04-17 * "Jewel of Morroco" "Eating out with Julie"
  Liabilities:US:Chase:Slate                       -36.30 USD
  Expenses:Food:Restaurant                          36.30 USD

2016-04-20 * "Chichipotle" "Eating out "
  Liabilities:US:Chase:Slate                       -36.37 USD
  Expenses:Food:Restaurant                          36.37 USD

2016-04-20 * "Corner Deli" "Buying groceries"
  Liabilities:US:Chase:Slate                       -56.44 USD
  Expenses:Food:Groceries                           56.44 USD

2016-04-21 * "Kin Soy" "Eating out with Julie"
  Liabilities:US:Chase:Slate                       -26.56 USD
  Expenses:Food:Restaurant                          26.56 USD

2016-04-21 * "Metro Transport Authority" "Tram tickets"
  Liabilities:US:Chase:Slate                      -120.00 USD
  Expenses:Transport:Tram                          120.00 USD

2016-04-23 * "Kin Soy" "Eating out with work buddies"
  Liabilities:US:Chase:Slate                       -36.78 USD
  Expenses:Food:Restaurant                          36.78 USD

2016-04-27 * "Rose Flower" "Eating out with Joe"
  Liabilities:US:Chase:Slate                       -15.08 USD
  Expenses:Food:Restaurant                          15.08 USD

2016-05-01 * "Jewel of Morroco" "Eating out "
  Liabilities:US:Chase:Slate                       -36.14 USD
  Expenses:Food:Restaurant                          36.14 USD

2016-05-06 * "Rose Flower" "Eating out with Natasha"
  Liabilities:US:Chase:Slate                       -20.03 USD
  Expenses:Food:Restaurant                          20.03 USD

2016-05-07 * "Chase:Slate" "Paying off credit card"
  Liabilities:US:Chase:Slate                       485.53 USD
  Assets:US:BofA:Checking                         -485.53 USD

2016-05-10 * "Farmer Fresh" "Buying groceries"
  Liabilities:US:Chase:Slate                       -75.05 USD
  Expenses:Food:Groceries                           75.05 USD

2016-05-11 * "Cafe Modagor" "Eating out "
  Liabilities:US:Chase:Slate                       -48.13 USD
  Expenses:Food:Restaurant                          48.13 USD

2016-05-13 * "Rose Flower" "Eating out with work buddies"
  Liabilities:US:Chase:Slate                       -13.50 USD
  Expenses:Food:Restaurant                          13.50 USD

2016-05-14 * "Goba Goba" "Eating out after work"
  Liabilities:US:Chase:Slate                       -21.71 USD
  Expenses:Food:Restaurant                          21.71 USD

2016-05-15 balance Liabilities:US:Chase:Slate    -1079.18 USD

2016-05-17 * "Good Moods Market" "Buying groceries"
  Liabilities:US:Chase:Slate                       -55.52 USD
  Expenses:Food:Groceries                           55.52 USD

2016-05-18 * "Cafe Modagor" "Eating out alone"
  Liabilities:US:Chase:Slate                       -37.05 USD
  Expenses:Food:Restaurant                          37.05 USD

2016-05-19 * "Metro Transport Authority" "Tram tickets"
  Liabilities:US:Chase:Slate                      -120.00 USD
  Expenses:Transport:Tram                          120.00 USD

2016-05-21 * "Cafe Modagor" "Eating out alone"
  Liabilities:US:Chase:Slate                       -40.94 USD
  Expenses:Food:Restaurant                          40.94 USD

2016-05-25 * "Jewel of Morroco" "Eating out "
  Liabilities:US:Chase:Slate                       -17.19 USD
  Expenses:Food:Restaurant                          17.19 USD

2016-05-29 * "Chichipotle" "Eating out with Joe"
  Liabilities:US:Chase:Slate                       -28.46 USD
  Expenses:Food:Restaurant                          28.46 USD

2016-05-30 * "China Garden" "Eating out after work"
  Liabilities:US:Chase:Slate                       -16.77 USD
  Expenses:Food:Restaurant                          16.77 USD

2016-05-31 * "Goba Goba" "Eating out with Julie"
  Liabilities:US:Chase:Slate                       -24.36 USD
  Expenses:Food:Restaurant                          24.36 USD

2016-06-05 * "Cafe Modagor" "Eating out with Julie"
  Liabilities:US:Chase:Slate                       -38.76 USD
  Expenses:Food:Restaurant                          38.76 USD

2016-06-06 * "Corner Deli" "Buying groceries"
  Liabilities:US:Chase:Slate                      -162.98 USD
  Expenses:Food:Groceries                          162.98 USD

2016-06-08 * "Chase:Slate" "Paying off credit card"
  Liabilities:US:Chase:Slate                       661.78 USD
  Assets:US:BofA:Checking                         -661.78 USD

2016-06-10 * "Goba Goba" "Eating out alone"
  Liabilities:US:Chase:Slate                       -36.41 USD
  Expenses:Food:Restaurant                          36.41 USD

2016-06-12 balance Liabilities:US:Chase:Slate     -995.84 USD

2016-06-12 * "Good Moods Market" "Buying groceries"
  Liabilities:US:Chase:Slate                       -85.19 USD
  Expenses:Food:Groceries                           85.19 USD

2016-06-15 * "China Garden" "Eating out with Joe"
  Liabilities:US:Chase:Slate                       -28.80 USD
  Expenses:Food:Restaurant                          28.80 USD

2016-06-16 * "Kin Soy" "Eating out after work"
  Liabilities:US:Chase:Slate                       -16.60 USD
  Expenses:Food:Restaurant                          16.60 USD

2016-06-19 * "Metro Transport Authority" "Tram tickets"
  Liabilities:US:Chase:Slate                      -120.00 USD
  Expenses:Transport:Tram                          120.00 USD

2016-06-20 * "Farmer Fresh" "Buying groceries"
  Liabilities:US:Chase:Slate                       -70.76 USD
  Expenses:Food:Groceries                           70.76 USD

2016-06-21 * "Jewel of Morroco" "Eating out after work"
  Liabilities:US:Chase:Slate                       -33.65 USD
  Expenses:Food:Restaurant                          33.65 USD

2016-06-22 * "Cafe Modagor" "Eating out with Bill"
  Liabilities:US:Chase:Slate                       -42.97 USD
  Expenses:Food:Restaurant                          42.97 USD

2016-06-26 * "Rose Flower" "Eating out with work buddies"
  Liabilities:US:Chase:Slate                       -41.99 USD
  Expenses:Food:Restaurant                          41.99 USD

2016-07-01 * "Uncle Boons" "Eating out after work"
  Liabilities:US:Chase:Slate                       -26.50 USD
  Expenses:Food:Restaurant                          26.50 USD

2016-07-03 balance Liabilities:US:Chase:Slate    -1462.30 USD

2016-07-05 * "China Garden" "Eating out with work buddies"
  Liabilities:US:Chase:Slate                       -26.66 USD
  Expenses:Food:Restaurant                          26.66 USD

2016-07-08 * "Corner Deli" "Buying groceries"
  Liabilities:US:Chase:Slate                       -61.12 USD
  Expenses:Food:Groceries                           61.12 USD

2016-07-08 * "Chase:Slate" "Paying off credit card"
  Liabilities:US:Chase:Slate                       554.24 USD
  Assets:US:BofA:Checking                         -554.24 USD

2016-07-10 * "Uncle Boons" "Eating out after work"
  Liabilities:US:Chase:Slate                       -23.23 USD
  Expenses:Food:Restaurant                          23.23 USD

2016-07-13 * "China Garden" "Eating out after work"
  Liabilities:US:Chase:Slate                       -18.60 USD
  Expenses:Food:Restaurant                          18.60 USD

2016-07-14 * "China Garden" "Eating out with Bill"
  Liabilities:US:Chase:Slate                       -31.59 USD
  Expenses:Food:Restaurant                          31.59 USD

2016-07-15 * "Onion Market" "Buying groceries"
  Liabilities:US:Chase:Slate                       -66.67 USD
  Expenses:Food:Groceries                           66.67 USD

2016-07-16 * "Metro Transport Authority" "Tram tickets"
  Liabilities:US:Chase:Slate                      -120.00 USD
  Expenses:Transport:Tram                          120.00 USD

2016-07-17 * "Goba Goba" "Eating out after work"
  Liabilities:US:Chase:Slate                       -29.75 USD
  Expenses:Food:Restaurant                          29.75 USD

2016-07-20 * "Onion Market" "Buying groceries"
  Liabilities:US:Chase:Slate                       -77.47 USD
  Expenses:Food:Groceries                           77.47 USD

2016-07-21 * "Jewel of Morroco" "Eating out with Bill"
  Liabilities:US:Chase:Slate                       -25.90 USD
  Expenses:Food:Restaurant                          25.90 USD

2016-07-22 * "Rose Flower" "Eating out with work buddies"
  Liabilities:US:Chase:Slate                       -19.09 USD
  Expenses:Food:Restaurant                          19.09 USD

2016-07-23 * "Chichipotle" "Eating out with work buddies"
  Liabilities:US:Chase:Slate                       -25.75 USD
  Expenses:Food:Restaurant                          25.75 USD

2016-07-28 balance Liabilities:US:Chase:Slate    -1433.89 USD

2016-07-28 * "Rose Flower" "Eating out "
  Liabilities:US:Chase:Slate                       -22.06 USD
  Expenses:Food:Restaurant                          22.06 USD

2016-08-01 * "Rose Flower" "Eating out with work buddies"
  Liabilities:US:Chase:Slate                       -23.97 USD
  Expenses:Food:Restaurant                          23.97 USD

2016-08-05 * "Chichipotle" "Eating out with work buddies"
  Liabilities:US:Chase:Slate                       -32.56 USD
  Expenses:Food:Restaurant                          32.56 USD

2016-08-06 * "Onion Market" "Buying groceries"
  Liabilities:US:Chase:Slate                      -115.06 USD
  Expenses:Food:Groceries                          115.06 USD

2016-08-08 * "Uncle Boons" "Eating out with Bill"
  Liabilities:US:Chase:Slate                       -25.34 USD
  Expenses:Food:Restaurant                          25.34 USD

2016-08-09 * "Chase:Slate" "Paying off credit card"
  Liabilities:US:Chase:Slate                       681.54 USD
  Assets:US:BofA:Checking                         -681.54 USD

2016-08-10 * "Cafe Modagor" "Eating out with Bill"
  Liabilities:US:Chase:Slate                       -24.50 USD
  Expenses:Food:Restaurant                          24.50 USD

2016-08-12 * "Metro Transport Authority" "Tram tickets"
  Liabilities:US:Chase:Slate                      -120.00 USD
  Expenses:Transport:Tram                          120.00 USD

2016-08-13 * "Uncle Boons" "Eating out with Bill"
  Liabilities:US:Chase:Slate                       -47.33 USD
  Expenses:Food:Restaurant                          47.33 USD

2016-08-14 * "Cafe Modagor" "Eating out after work"
  Liabilities:US:Chase:Slate                       -39.42 USD
  Expenses:Food:Restaurant                          39.42 USD

2016-08-19 * "Jewel of Morroco" "Eating out "
  Liabilities:US:Chase:Slate                       -20.11 USD
  Expenses:Food:Restaurant                          20.11 USD

2016-08-23 * "Good Moods Market" "Buying groceries"
  Liabilities:US:Chase:Slate                       -78.03 USD
  Expenses:Food:Groceries                           78.03 USD

2016-08-24 * "Rose Flower" "Eating out with Julie"
  Liabilities:US:Chase:Slate                       -24.23 USD
  Expenses:Food:Restaurant                          24.23 USD

2016-08-25 * "Kin Soy" "Eating out "
  Liabilities:US:Chase:Slate                       -11.79 USD
  Expenses:Food:Restaurant                          11.79 USD

2016-08-26 balance Liabilities:US:Chase:Slate    -1336.75 USD

2016-08-30 * "Kin Soy" "Eating out with Natasha"
  Liabilities:US:Chase:Slate                       -26.66 USD
  Expenses:Food:Restaurant                          26.66 USD

2016-09-01 * "Cafe Modagor" "Eating out alone"
  Liabilities:US:Chase:Slate                       -24.39 USD
  Expenses:Food:Restaurant                          24.39 USD

2016-09-03 * "Goba Goba" "Eating out after work"
  Liabilities:US:Chase:Slate                       -25.24 USD
  Expenses:Food:Restaurant                          25.24 USD

2016-09-06 * "Rose Flower" "Eating out "
  Liabilities:US:Chase:Slate                       -15.48 USD
  Expenses:Food:Restaurant                          15.48 USD

2016-09-09 * "Rose Flower" "Eating out alone"
  Liabilities:US:Chase:Slate                       -26.14 USD
  Expenses:Food:Restaurant                          26.14 USD

2016-09-09 * "Chase:Slate" "Paying off credit card"
  Liabilities:US:Chase:Slate                       458.82 USD
  Assets:US:BofA:Checking                         -458.82 USD

2016-09-10 event "location" "Chicago"

2016-09-11 * "Star of Siam" "" #trip-chicago-2016
  Liabilities:US:Chase:Slate                       -25.68 USD
  Expenses:Food:Restaurant                          25.68 USD

2016-09-11 * "Mercadito" "" #trip-chicago-2016
  Liabilities:US:Chase:Slate                       -39.02 USD
  Expenses:Food:Restaurant                          39.02 USD

2016-09-12 * "Mercadito" "" #trip-chicago-2016
  Liabilities:US:Chase:Slate                       -42.70 USD
  Expenses:Food:Restaurant                          42.70 USD

2016-09-12 * "Eataly Chicago" "" #trip-chicago-2016
  Liabilities:US:Chase:Slate                       -38.66 USD
  Expenses:Food:Restaurant                          38.66 USD

2016-09-12 * "Another Sports Pub" "" #trip-chicago-2016
  Liabilities:US:Chase:Slate                        -8.30 USD
  Expenses:Food:Alcohol                              8.30 USD

2016-09-12 * "Argo Tea" "" #trip-chicago-2016
  Liabilities:US:Chase:Slate                        -5.69 USD
  Expenses:Food:Coffee                               5.69 USD

2016-09-13 * "Argo Tea" "" #trip-chicago-2016
  Liabilities:US:Chase:Slate                        -5.64 USD
  Expenses:Food:Coffee                               5.64 USD

2016-09-14 * "25 Degrees Burger Bar" "" #trip-chicago-2016
  Liabilities:US:Chase:Slate                       -21.57 USD
  Expenses:Food:Restaurant                          21.57 USD

2016-09-14 * "Argo Tea" "" #trip-chicago-2016
  Liabilities:US:Chase:Slate                        -5.79 USD
  Expenses:Food:Coffee                               5.79 USD

2016-09-15 * "Mercadito" "" #trip-chicago-2016
  Liabilities:US:Chase:Slate                       -43.93 USD
  Expenses:Food:Restaurant                          43.93 USD

2016-09-15 * "Another Sports Pub" "" #trip-chicago-2016
  Liabilities:US:Chase:Slate                       -12.51 USD
  Expenses:Food:Alcohol                             12.51 USD

2016-09-15 * "Argo Tea" "" #trip-chicago-2016
  Liabilities:US:Chase:Slate                        -5.83 USD
  Expenses:Food:Coffee                               5.83 USD

2016-09-16 * "25 Degrees Burger Bar" "" #trip-chicago-2016
  Liabilities:US:Chase:Slate                       -20.18 USD
  Expenses:Food:Restaurant                          20.18 USD

2016-09-16 * "Eataly Chicago" "" #trip-chicago-2016
  Liabilities:US:Chase:Slate                       -52.63 USD
  Expenses:Food:Restaurant                          52.63 USD

2016-09-18 * "Mercadito" "" #trip-chicago-2016
  Liabilities:US:Chase:Slate                       -38.46 USD
  Expenses:Food:Restaurant                          38.46 USD

2016-09-19 balance Liabilities:US:Chase:Slate    -1362.43 USD

2016-09-20 * "Another Sports Pub" "" #trip-chicago-2016
  Liabilities:US:Chase:Slate                       -13.51 USD
  Expenses:Food:Alcohol                             13.51 USD

2016-09-21 * "Star of Siam" "" #trip-chicago-2016
  Liabilities:US:Chase:Slate                       -25.80 USD
  Expenses:Food:Restaurant                          25.80 USD

2016-09-21 * "Another Sports Pub" "" #trip-chicago-2016
  Liabilities:US:Chase:Slate                       -12.69 USD
  Expenses:Food:Alcohol                             12.69 USD

2016-09-23 * "Eataly Chicago" "" #trip-chicago-2016
  Liabilities:US:Chase:Slate                       -27.57 USD
  Expenses:Food:Restaurant                          27.57 USD

2016-09-24 * "Mercadito" "" #trip-chicago-2016
  Liabilities:US:Chase:Slate                       -48.94 USD
  Expenses:Food:Restaurant                          48.94 USD

2016-09-24 * "25 Degrees Burger Bar" "" #trip-chicago-2016
  Liabilities:US:Chase:Slate                       -21.37 USD
  Expenses:Food:Restaurant                          21.37 USD

2016-09-24 * "Another Sports Pub" "" #trip-chicago-2016
  Liabilities:US:Chase:Slate                       -12.81 USD
  Expenses:Food:Alcohol                             12.81 USD

2016-09-25 * "Argo Tea" "" #trip-chicago-2016
  Liabilities:US:Chase:Slate                        -4.96 USD
  Expenses:Food:Coffee                               4.96 USD

2016-09-26 * "Star of Siam" "" #trip-chicago-2016
  Liabilities:US:Chase:Slate                       -20.24 USD
  Expenses:Food:Restaurant                          20.24 USD

2016-09-26 * "Mercadito" "" #trip-chicago-2016
  Liabilities:US:Chase:Slate                       -41.99 USD
  Expenses:Food:Restaurant                          41.99 USD

2016-09-26 * "Argo Tea" "" #trip-chicago-2016
  Liabilities:US:Chase:Slate                        -6.37 USD
  Expenses:Food:Coffee                               6.37 USD

2016-09-27 * "Mercadito" "" #trip-chicago-2016
  Liabilities:US:Chase:Slate                       -50.41 USD
  Expenses:Food:Restaurant                          50.41 USD

2016-09-27 * "25 Degrees Burger Bar" "" #trip-chicago-2016
  Liabilities:US:Chase:Slate                       -17.85 USD
  Expenses:Food:Restaurant                          17.85 USD

2016-09-27 * "Another Sports Pub" "" #trip-chicago-2016
  Liabilities:US:Chase:Slate                       -10.03 USD
  Expenses:Food:Alcohol                             10.03 USD

2016-09-27 * "Argo Tea" "" #trip-chicago-2016
  Liabilities:US:Chase:Slate                        -5.83 USD
  Expenses:Food:Coffee                               5.83 USD

2016-09-28 * "Mercadito" "" #trip-chicago-2016
  Liabilities:US:Chase:Slate                       -35.77 USD
  Expenses:Food:Restaurant                          35.77 USD

2016-09-28 * "Eataly Chicago" "" #trip-chicago-2016
  Liabilities:US:Chase:Slate                       -42.87 USD
  Expenses:Food:Restaurant                          42.87 USD

2016-09-28 * "Argo Tea" "" #trip-chicago-2016
  Liabilities:US:Chase:Slate                        -5.34 USD
  Expenses:Food:Coffee                               5.34 USD

2016-09-29 * "Mercadito" "" #trip-chicago-2016
  Liabilities:US:Chase:Slate                       -36.83 USD
  Expenses:Food:Restaurant                          36.83 USD

2016-09-30 * "Eataly Chicago" "" #trip-chicago-2016
  Liabilities:US:Chase:Slate                       -50.00 USD
  Expenses:Food:Restaurant                          50.00 USD

2016-10-01 * "Star of Siam" "" #trip-chicago-2016
  Liabilities:US:Chase:Slate                       -33.00 USD
  Expenses:Food:Restaurant                          33.00 USD

2016-10-01 * "Mercadito" "" #trip-chicago-2016
  Liabilities:US:Chase:Slate                       -50.92 USD
  Expenses:Food:Restaurant                          50.92 USD

2016-10-01 * "Another Sports Pub" "" #trip-chicago-2016
  Liabilities:US:Chase:Slate                       -13.36 USD
  Expenses:Food:Alcohol                             13.36 USD

2016-10-02 * "China Garden" "Eating out alone"
  Liabilities:US:Chase:Slate                       -40.63 USD
  Expenses:Food:Restaurant                          40.63 USD

2016-10-02 * "Argo Tea" "" #trip-chicago-2016
  Liabilities:US:Chase:Slate                        -7.11 USD
  Expenses:Food:Coffee                               7.11 USD

2016-10-02 * "Consume vacation days"
  Assets:US:BayBook:Vacation                         -176 VACHR
  Expenses:Vacation                                   176 VACHR

2016-10-02 event "location" "New Metropolis"

2016-10-05 * "China Garden" "Eating out with Julie"
  Liabilities:US:Chase:Slate                       -43.19 USD
  Expenses:Food:Restaurant                          43.19 USD

2016-10-05 * "Good Moods Market" "Buying groceries"
  Liabilities:US:Chase:Slate                       -72.54 USD
  Expenses:Food:Groceries                           72.54 USD

2016-10-07 * "Cafe Modagor" "Eating out "
  Liabilities:US:Chase:Slate                       -36.97 USD
  Expenses:Food:Restaurant                          36.97 USD

2016-10-08 * "Cafe Modagor" "Eating out alone"
  Liabilities:US:Chase:Slate                       -20.84 USD
  Expenses:Food:Restaurant                          20.84 USD

2016-10-09 * "Rose Flower" "Eating out after work"
  Liabilities:US:Chase:Slate                       -11.42 USD
  Expenses:Food:Restaurant                          11.42 USD

2016-10-09 * "Chase:Slate" "Paying off credit card"
  Liabilities:US:Chase:Slate                       225.59 USD
  Assets:US:BofA:Checking                         -225.59 USD

2016-10-10 * "Rose Flower" "Eating out alone"
  Liabilities:US:Chase:Slate                       -27.40 USD
  Expenses:Food:Restaurant                          27.40 USD

2016-10-11 * "Metro Transport Authority" "Tram tickets"
  Liabilities:US:Chase:Slate                      -120.00 USD
  Expenses:Transport:Tram                          120.00 USD

2016-10-13 balance Liabilities:US:Chase:Slate    -2105.40 USD

2016-10-13 * "Chichipotle" "Eating out with Natasha"
  Liabilities:US:Chase:Slate                       -14.36 USD
  Expenses:Food:Restaurant                          14.36 USD

2016-10-17 * "Chichipotle" "Eating out with Joe"
  Liabilities:US:Chase:Slate                       -29.12 USD
  Expenses:Food:Restaurant                          29.12 USD

2016-10-21 * "Kin Soy" "Eating out with work buddies"
  Liabilities:US:Chase:Slate                       -70.46 USD
  Expenses:Food:Restaurant                          70.46 USD

2016-10-24 * "China Garden" "Eating out with Bill"
  Liabilities:US:Chase:Slate                       -29.76 USD
  Expenses:Food:Restaurant                          29.76 USD

2016-10-24 * "Good Moods Market" "Buying groceries"
  Liabilities:US:Chase:Slate                       -81.80 USD
  Expenses:Food:Groceries                           81.80 USD

2016-10-25 * "Chichipotle" "Eating out alone"
  Liabilities:US:Chase:Slate                       -12.64 USD
  Expenses:Food:Restaurant                          12.64 USD

2016-10-30 * "Uncle Boons" "Eating out "
  Liabilities:US:Chase:Slate                       -65.56 USD
  Expenses:Food:Restaurant                          65.56 USD

2016-11-04 * "China Garden" "Eating out "
  Liabilities:US:Chase:Slate                       -40.22 USD
  Expenses:Food:Restaurant                          40.22 USD

2016-11-05 * "Jewel of Morroco" "Eating out alone"
  Liabilities:US:Chase:Slate                       -71.07 USD
  Expenses:Food:Restaurant                          71.07 USD

2016-11-07 * "Metro Transport Authority" "Tram tickets"
  Liabilities:US:Chase:Slate                      -120.00 USD
  Expenses:Transport:Tram                          120.00 USD

2016-11-07 * "Chase:Slate" "Paying off credit card"
  Liabilities:US:Chase:Slate                       682.39 USD
  Assets:US:BofA:Checking                         -682.39 USD

2016-11-10 balance Liabilities:US:Chase:Slate    -1958.00 USD

2016-11-10 * "Rose Flower" "Eating out with Joe"
  Liabilities:US:Chase:Slate                       -21.35 USD
  Expenses:Food:Restaurant                          21.35 USD

2016-11-10 * "Good Moods Market" "Buying groceries"
  Liabilities:US:Chase:Slate                      -136.99 USD
  Expenses:Food:Groceries                          136.99 USD

2016-11-12 * "Goba Goba" "Eating out alone"
  Liabilities:US:Chase:Slate                       -18.33 USD
  Expenses:Food:Restaurant                          18.33 USD

2016-11-13 * "Cafe Modagor" "Eating out alone"
  Liabilities:US:Chase:Slate                       -22.47 USD
  Expenses:Food:Restaurant                          22.47 USD

2016-11-15 * "Rose Flower" "Eating out with work buddies"
  Liabilities:US:Chase:Slate                       -33.69 USD
  Expenses:Food:Restaurant                          33.69 USD

2016-11-18 * "Kin Soy" "Eating out with Bill"
  Liabilities:US:Chase:Slate                       -15.87 USD
  Expenses:Food:Restaurant                          15.87 USD

2016-11-21 * "Jewel of Morroco" "Eating out with Natasha"
  Liabilities:US:Chase:Slate                       -19.11 USD
  Expenses:Food:Restaurant                          19.11 USD

2016-11-25 * "Uncle Boons" "Eating out with work buddies"
  Liabilities:US:Chase:Slate                       -47.21 USD
  Expenses:Food:Restaurant                          47.21 USD

2016-11-25 * "Farmer Fresh" "Buying groceries"
  Liabilities:US:Chase:Slate                       -59.78 USD
  Expenses:Food:Groceries                           59.78 USD

2016-11-27 * "Jewel of Morroco" "Eating out after work"
  Liabilities:US:Chase:Slate                       -33.82 USD
  Expenses:Food:Restaurant                          33.82 USD

2016-11-29 * "Goba Goba" "Eating out "
  Liabilities:US:Chase:Slate                       -37.52 USD
  Expenses:Food:Restaurant                          37.52 USD

2016-12-03 * "Jewel of Morroco" "Eating out with Julie"
  Liabilities:US:Chase:Slate                       -36.61 USD
  Expenses:Food:Restaurant                          36.61 USD

2016-12-06 * "Chichipotle" "Eating out "
  Liabilities:US:Chase:Slate                       -20.76 USD
  Expenses:Food:Restaurant                          20.76 USD

2016-12-07 * "Chase:Slate" "Paying off credit card"
  Liabilities:US:Chase:Slate                       623.51 USD
  Assets:US:BofA:Checking                         -623.51 USD

2016-12-08 balance Liabilities:US:Chase:Slate    -1838.00 USD

2016-12-08 * "Metro Transport Authority" "Tram tickets"
  Liabilities:US:Chase:Slate                      -120.00 USD
  Expenses:Transport:Tram                          120.00 USD

2016-12-10 * "Jewel of Morroco" "Eating out alone"
  Liabilities:US:Chase:Slate                       -55.91 USD
  Expenses:Food:Restaurant                          55.91 USD

2016-12-11 * "Onion Market" "Buying groceries"
  Liabilities:US:Chase:Slate                      -113.77 USD
  Expenses:Food:Groceries                          113.77 USD

2016-12-15 * "Uncle Boons" "Eating out with Natasha"
  Liabilities:US:Chase:Slate                       -31.44 USD
  Expenses:Food:Restaurant                          31.44 USD

2016-12-17 * "Kin Soy" "Eating out with Bill"
  Liabilities:US:Chase:Slate                       -16.95 USD
  Expenses:Food:Restaurant                          16.95 USD

2016-12-22 * "Rose Flower" "Eating out "
  Liabilities:US:Chase:Slate                       -22.12 USD
  Expenses:Food:Restaurant                          22.12 USD

2016-12-25 * "Jewel of Morroco" "Eating out "
  Liabilities:US:Chase:Slate                       -26.45 USD
  Expenses:Food:Restaurant                          26.45 USD

2016-12-25 * "Corner Deli" "Buying groceries"
  Liabilities:US:Chase:Slate                       -83.08 USD
  Expenses:Food:Groceries                           83.08 USD

2016-12-26 * "Goba Goba" "Eating out alone"
  Liabilities:US:Chase:Slate                       -28.22 USD
  Expenses:Food:Restaurant                          28.22 USD

2016-12-29 * "Kin Soy" "Eating out "
  Liabilities:US:Chase:Slate                       -15.50 USD
  Expenses:Food:Restaurant                          15.50 USD

2017-01-02 * "Chichipotle" "Eating out with work buddies"
  Liabilities:US:Chase:Slate                       -37.43 USD
  Expenses:Food:Restaurant                          37.43 USD

2017-01-03 balance Liabilities:US:Chase:Slate    -2388.87 USD

2017-01-04 * "Jewel of Morroco" "Eating out with Joe"
  Liabilities:US:Chase:Slate                       -25.32 USD
  Expenses:Food:Restaurant                          25.32 USD

2017-01-04 * "Corner Deli" "Buying groceries"
  Liabilities:US:Chase:Slate                       -50.60 USD
  Expenses:Food:Groceries                           50.60 USD

2017-01-04 * "Metro Transport Authority" "Tram tickets"
  Liabilities:US:Chase:Slate                      -120.00 USD
  Expenses:Transport:Tram                          120.00 USD

2017-01-06 * "Cafe Modagor" "Eating out with Joe"
  Liabilities:US:Chase:Slate                       -18.86 USD
  Expenses:Food:Restaurant                          18.86 USD

2017-01-08 * "Uncle Boons" "Eating out with Bill"
  Liabilities:US:Chase:Slate                       -29.79 USD
  Expenses:Food:Restaurant                          29.79 USD

2017-01-10 * "Chase:Slate" "Paying off credit card"
  Liabilities:US:Chase:Slate                       726.99 USD
  Assets:US:BofA:Checking                         -726.99 USD

2017-01-12 * "Goba Goba" "Eating out with Bill"
  Liabilities:US:Chase:Slate                       -51.55 USD
  Expenses:Food:Restaurant                          51.55 USD

2017-01-17 * "Goba Goba" "Eating out with work buddies"
  Liabilities:US:Chase:Slate                       -37.36 USD
  Expenses:Food:Restaurant                          37.36 USD

2017-01-17 * "Good Moods Market" "Buying groceries"
  Liabilities:US:Chase:Slate                      -106.98 USD
  Expenses:Food:Groceries                          106.98 USD

2017-01-18 * "Uncle Boons" "Eating out after work"
  Liabilities:US:Chase:Slate                       -26.10 USD
  Expenses:Food:Restaurant                          26.10 USD

2017-01-21 * "Goba Goba" "Eating out after work"
  Liabilities:US:Chase:Slate                       -27.24 USD
  Expenses:Food:Restaurant                          27.24 USD

2017-01-23 * "Jewel of Morroco" "Eating out with Natasha"
  Liabilities:US:Chase:Slate                       -44.45 USD
  Expenses:Food:Restaurant                          44.45 USD

2017-01-24 balance Liabilities:US:Chase:Slate    -2200.13 USD

2017-01-25 * "Cafe Modagor" "Eating out with work buddies"
  Liabilities:US:Chase:Slate                       -38.13 USD
  Expenses:Food:Restaurant                          38.13 USD

2017-01-30 * "Uncle Boons" "Eating out alone"
  Liabilities:US:Chase:Slate                       -18.84 USD
  Expenses:Food:Restaurant                          18.84 USD

2017-01-31 * "Metro Transport Authority" "Tram tickets"
  Liabilities:US:Chase:Slate                      -120.00 USD
  Expenses:Transport:Tram                          120.00 USD

2017-02-01 * "Chichipotle" "Eating out with Natasha"
  Liabilities:US:Chase:Slate                       -31.95 USD
  Expenses:Food:Restaurant                          31.95 USD

2017-02-04 * "Cafe Modagor" "Eating out with work buddies"
  Liabilities:US:Chase:Slate                       -23.32 USD
  Expenses:Food:Restaurant                          23.32 USD

2017-02-05 * "Good Moods Market" "Buying groceries"
  Liabilities:US:Chase:Slate                       -76.27 USD
  Expenses:Food:Groceries                           76.27 USD

2017-02-06 * "Goba Goba" "Eating out alone"
  Liabilities:US:Chase:Slate                       -37.49 USD
  Expenses:Food:Restaurant                          37.49 USD

2017-02-07 * "Kin Soy" "Eating out after work"
  Liabilities:US:Chase:Slate                       -36.15 USD
  Expenses:Food:Restaurant                          36.15 USD

2017-02-08 * "Chase:Slate" "Paying off credit card"
  Liabilities:US:Chase:Slate                       644.46 USD
  Assets:US:BofA:Checking                         -644.46 USD

2017-02-11 * "Uncle Boons" "Eating out with Bill"
  Liabilities:US:Chase:Slate                       -20.18 USD
  Expenses:Food:Restaurant                          20.18 USD

2017-02-12 * "Chichipotle" "Eating out with Joe"
  Liabilities:US:Chase:Slate                       -53.53 USD
  Expenses:Food:Restaurant                          53.53 USD

2017-02-17 balance Liabilities:US:Chase:Slate    -2011.53 USD

2017-02-17 * "Kin Soy" "Eating out with Julie"
  Liabilities:US:Chase:Slate                       -45.84 USD
  Expenses:Food:Restaurant                          45.84 USD

2017-02-18 * "Rose Flower" "Eating out with Natasha"
  Liabilities:US:Chase:Slate                       -26.46 USD
  Expenses:Food:Restaurant                          26.46 USD

2017-02-23 * "Cafe Modagor" "Eating out "
  Liabilities:US:Chase:Slate                       -11.94 USD
  Expenses:Food:Restaurant                          11.94 USD

2017-02-23 * "Good Moods Market" "Buying groceries"
  Liabilities:US:Chase:Slate                       -83.66 USD
  Expenses:Food:Groceries                           83.66 USD

2017-02-28 * "Rose Flower" "Eating out "
  Liabilities:US:Chase:Slate                       -49.30 USD
  Expenses:Food:Restaurant                          49.30 USD

2017-03-03 * "Cafe Modagor" "Eating out with Natasha"
  Liabilities:US:Chase:Slate                       -35.55 USD
  Expenses:Food:Restaurant                          35.55 USD

2017-03-03 * "Metro Transport Authority" "Tram tickets"
  Liabilities:US:Chase:Slate                      -120.00 USD
  Expenses:Transport:Tram                          120.00 USD

2017-03-08 * "China Garden" "Eating out alone"
  Liabilities:US:Chase:Slate                       -22.77 USD
  Expenses:Food:Restaurant                          22.77 USD

2017-03-09 * "Cafe Modagor" "Eating out with work buddies"
  Liabilities:US:Chase:Slate                       -56.30 USD
  Expenses:Food:Restaurant                          56.30 USD

2017-03-10 * "Chase:Slate" "Paying off credit card"
  Liabilities:US:Chase:Slate                       537.99 USD
  Assets:US:BofA:Checking                         -537.99 USD

2017-03-12 * "Rose Flower" "Eating out alone"
  Liabilities:US:Chase:Slate                       -32.64 USD
  Expenses:Food:Restaurant                          32.64 USD

2017-03-13 balance Liabilities:US:Chase:Slate    -1958.00 USD

2017-03-13 * "Corner Deli" "Buying groceries"
  Liabilities:US:Chase:Slate                      -118.09 USD
  Expenses:Food:Groceries                          118.09 USD

2017-03-17 * "Chichipotle" "Eating out with Julie"
  Liabilities:US:Chase:Slate                       -25.15 USD
  Expenses:Food:Restaurant                          25.15 USD

2017-03-20 * "Onion Market" "Buying groceries"
  Liabilities:US:Chase:Slate                       -65.09 USD
  Expenses:Food:Groceries                           65.09 USD

2017-03-22 * "China Garden" "Eating out with work buddies"
  Liabilities:US:Chase:Slate                        -8.79 USD
  Expenses:Food:Restaurant                           8.79 USD

2017-03-26 * "Farmer Fresh" "Buying groceries"
  Liabilities:US:Chase:Slate                      -125.34 USD
  Expenses:Food:Groceries                          125.34 USD

2017-03-27 * "Jewel of Morroco" "Eating out with Natasha"
  Liabilities:US:Chase:Slate                       -31.00 USD
  Expenses:Food:Restaurant                          31.00 USD

2017-03-30 * "Metro Transport Authority" "Tram tickets"
  Liabilities:US:Chase:Slate                      -120.00 USD
  Expenses:Transport:Tram                          120.00 USD

2017-03-31 * "Cafe Modagor" "Eating out with Joe"
  Liabilities:US:Chase:Slate                       -32.90 USD
  Expenses:Food:Restaurant                          32.90 USD

2017-04-03 * "Jewel of Morroco" "Eating out alone"
  Liabilities:US:Chase:Slate                       -18.41 USD
  Expenses:Food:Restaurant                          18.41 USD

2017-04-05 balance Liabilities:US:Chase:Slate    -2502.77 USD

2017-04-05 * "Jewel of Morroco" "Eating out with Joe"
  Liabilities:US:Chase:Slate                        -9.12 USD
  Expenses:Food:Restaurant                           9.12 USD

2017-04-05 * "Onion Market" "Buying groceries"
  Liabilities:US:Chase:Slate                       -59.63 USD
  Expenses:Food:Groceries                           59.63 USD

2017-04-06 * "Cafe Modagor" "Eating out with Joe"
  Liabilities:US:Chase:Slate                       -17.26 USD
  Expenses:Food:Restaurant                          17.26 USD

2017-04-09 * "Cafe Modagor" "Eating out alone"
  Liabilities:US:Chase:Slate                        -9.94 USD
  Expenses:Food:Restaurant                           9.94 USD

2017-04-11 * "Chase:Slate" "Paying off credit card"
  Liabilities:US:Chase:Slate                       684.98 USD
  Assets:US:BofA:Checking                         -684.98 USD

2017-04-12 * "Rose Flower" "Eating out with Joe"
  Liabilities:US:Chase:Slate                       -44.26 USD
  Expenses:Food:Restaurant                          44.26 USD

2017-04-14 * "Chichipotle" "Eating out with Natasha"
  Liabilities:US:Chase:Slate                       -28.30 USD
  Expenses:Food:Restaurant                          28.30 USD

2017-04-19 * "Cafe Modagor" "Eating out with Natasha"
  Liabilities:US:Chase:Slate                       -24.18 USD
  Expenses:Food:Restaurant                          24.18 USD

2017-04-24 * "Cafe Modagor" "Eating out "
  Liabilities:US:Chase:Slate                       -20.98 USD
  Expenses:Food:Restaurant                          20.98 USD

2017-04-25 * "Good Moods Market" "Buying groceries"
  Liabilities:US:Chase:Slate                      -102.49 USD
  Expenses:Food:Groceries                          102.49 USD

2017-04-27 * "Kin Soy" "Eating out with Natasha"
  Liabilities:US:Chase:Slate                       -29.42 USD
  Expenses:Food:Restaurant                          29.42 USD

2017-05-02 * "Cafe Modagor" "Eating out with Bill"
  Liabilities:US:Chase:Slate                       -49.71 USD
  Expenses:Food:Restaurant                          49.71 USD

2017-05-02 * "Metro Transport Authority" "Tram tickets"
  Liabilities:US:Chase:Slate                      -120.00 USD
  Expenses:Transport:Tram                          120.00 USD

2017-05-03 * "Good Moods Market" "Buying groceries"
  Liabilities:US:Chase:Slate                       -90.02 USD
  Expenses:Food:Groceries                           90.02 USD

2017-05-04 balance Liabilities:US:Chase:Slate    -2423.10 USD

2017-05-07 * "Kin Soy" "Eating out with work buddies"
  Liabilities:US:Chase:Slate                       -28.97 USD
  Expenses:Food:Restaurant                          28.97 USD

2017-05-10 * "Jewel of Morroco" "Eating out with Bill"
  Liabilities:US:Chase:Slate                       -26.07 USD
  Expenses:Food:Restaurant                          26.07 USD

2017-05-11 * "Jewel of Morroco" "Eating out after work"
  Liabilities:US:Chase:Slate                       -37.35 USD
  Expenses:Food:Restaurant                          37.35 USD

2017-05-11 * "Chase:Slate" "Paying off credit card"
  Liabilities:US:Chase:Slate                       557.49 USD
  Assets:US:BofA:Checking                         -557.49 USD

2017-05-15 * "Chichipotle" "Eating out with Joe"
  Liabilities:US:Chase:Slate                       -28.96 USD
  Expenses:Food:Restaurant                          28.96 USD

2017-05-17 * "Chichipotle" "Eating out alone"
  Liabilities:US:Chase:Slate                       -18.83 USD
  Expenses:Food:Restaurant                          18.83 USD

2017-05-18 * "Jewel of Morroco" "Eating out with Joe"
  Liabilities:US:Chase:Slate                       -35.07 USD
  Expenses:Food:Restaurant                          35.07 USD

2017-05-19 * "Kin Soy" "Eating out after work"
  Liabilities:US:Chase:Slate                       -32.16 USD
  Expenses:Food:Restaurant                          32.16 USD

2017-05-21 * "Good Moods Market" "Buying groceries"
  Liabilities:US:Chase:Slate                       -69.49 USD
  Expenses:Food:Groceries                           69.49 USD

2017-05-24 * "Chichipotle" "Eating out after work"
  Liabilities:US:Chase:Slate                       -50.34 USD
  Expenses:Food:Restaurant                          50.34 USD

2017-05-29 balance Liabilities:US:Chase:Slate    -2192.85 USD

2017-05-29 * "Jewel of Morroco" "Eating out with Joe"
  Liabilities:US:Chase:Slate                       -10.26 USD
  Expenses:Food:Restaurant                          10.26 USD

2017-06-02 * "China Garden" "Eating out with work buddies"
  Liabilities:US:Chase:Slate                       -49.62 USD
  Expenses:Food:Restaurant                          49.62 USD

2017-06-02 * "Farmer Fresh" "Buying groceries"
  Liabilities:US:Chase:Slate                       -50.61 USD
  Expenses:Food:Groceries                           50.61 USD

2017-06-04 * "Metro Transport Authority" "Tram tickets"
  Liabilities:US:Chase:Slate                      -120.00 USD
  Expenses:Transport:Tram                          120.00 USD

2017-06-05 * "China Garden" "Eating out with Julie"
  Liabilities:US:Chase:Slate                       -30.66 USD
  Expenses:Food:Restaurant                          30.66 USD

2017-06-08 * "Chase:Slate" "Paying off credit card"
  Liabilities:US:Chase:Slate                       530.93 USD
  Assets:US:BofA:Checking                         -530.93 USD

2017-06-09 * "Cafe Modagor" "Eating out "
  Liabilities:US:Chase:Slate                       -34.93 USD
  Expenses:Food:Restaurant                          34.93 USD

2017-06-10 * "Rose Flower" "Eating out "
  Liabilities:US:Chase:Slate                       -30.66 USD
  Expenses:Food:Restaurant                          30.66 USD

2017-06-12 * "Cafe Modagor" "Eating out alone"
  Liabilities:US:Chase:Slate                       -31.74 USD
  Expenses:Food:Restaurant                          31.74 USD

2017-06-15 * "Jewel of Morroco" "Eating out after work"
  Liabilities:US:Chase:Slate                       -20.60 USD
  Expenses:Food:Restaurant                          20.60 USD

2017-06-19 * "China Garden" "Eating out alone"
  Liabilities:US:Chase:Slate                       -22.69 USD
  Expenses:Food:Restaurant                          22.69 USD

2017-06-21 * "Jewel of Morroco" "Eating out with Bill"
  Liabilities:US:Chase:Slate                       -51.56 USD
  Expenses:Food:Restaurant                          51.56 USD

2017-06-22 * "Farmer Fresh" "Buying groceries"
  Liabilities:US:Chase:Slate                       -58.66 USD
  Expenses:Food:Groceries                           58.66 USD

2017-06-23 * "Goba Goba" "Eating out after work"
  Liabilities:US:Chase:Slate                       -21.66 USD
  Expenses:Food:Restaurant                          21.66 USD

2017-06-25 * "China Garden" "Eating out alone"
  Liabilities:US:Chase:Slate                       -37.19 USD
  Expenses:Food:Restaurant                          37.19 USD

2017-06-26 balance Liabilities:US:Chase:Slate    -2232.76 USD

2017-06-28 * "Chichipotle" "Eating out with work buddies"
  Liabilities:US:Chase:Slate                       -43.00 USD
  Expenses:Food:Restaurant                          43.00 USD

2017-06-29 * "Corner Deli" "Buying groceries"
  Liabilities:US:Chase:Slate                       -54.15 USD
  Expenses:Food:Groceries                           54.15 USD

2017-07-03 * "Jewel of Morroco" "Eating out with Julie"
  Liabilities:US:Chase:Slate                       -29.50 USD
  Expenses:Food:Restaurant                          29.50 USD

2017-07-04 * "China Garden" "Eating out "
  Liabilities:US:Chase:Slate                       -64.80 USD
  Expenses:Food:Restaurant                          64.80 USD

2017-07-05 * "Rose Flower" "Eating out with Joe"
  Liabilities:US:Chase:Slate                       -17.64 USD
  Expenses:Food:Restaurant                          17.64 USD

2017-07-06 * "Metro Transport Authority" "Tram tickets"
  Liabilities:US:Chase:Slate                      -120.00 USD
  Expenses:Transport:Tram                          120.00 USD

2017-07-07 * "China Garden" "Eating out with Julie"
  Liabilities:US:Chase:Slate                       -22.87 USD
  Expenses:Food:Restaurant                          22.87 USD

2017-07-11 event "location" "Los Angeles"

2017-07-11 * "Chase:Slate" "Paying off credit card"
  Liabilities:US:Chase:Slate                       674.22 USD
  Assets:US:BofA:Checking                         -674.22 USD

2017-07-12 * "Chipotle" "" #trip-los-angeles-2017
  Liabilities:US:Chase:Slate                       -13.40 USD
  Expenses:Food:Restaurant                          13.40 USD

2017-07-12 * "Starbucks" "" #trip-los-angeles-2017
  Liabilities:US:Chase:Slate                        -5.67 USD
  Expenses:Food:Coffee                               5.67 USD

2017-07-13 * "Pampas Grill" "" #trip-los-angeles-2017
  Liabilities:US:Chase:Slate                       -22.07 USD
  Expenses:Food:Restaurant                          22.07 USD

2017-07-13 * "Starbucks" "" #trip-los-angeles-2017
  Liabilities:US:Chase:Slate                        -7.01 USD
  Expenses:Food:Coffee                               7.01 USD

2017-07-14 * "Chipotle" "" #trip-los-angeles-2017
  Liabilities:US:Chase:Slate                       -16.89 USD
  Expenses:Food:Restaurant                          16.89 USD

2017-07-16 * "Mr. Marcel" "" #trip-los-angeles-2017
  Liabilities:US:Chase:Slate                       -35.73 USD
  Expenses:Food:Restaurant                          35.73 USD

2017-07-16 * "Pampas Grill" "" #trip-los-angeles-2017
  Liabilities:US:Chase:Slate                       -28.11 USD
  Expenses:Food:Restaurant                          28.11 USD

2017-07-16 * "Starbucks" "" #trip-los-angeles-2017
  Liabilities:US:Chase:Slate                        -5.49 USD
  Expenses:Food:Coffee                               5.49 USD

2017-07-18 * "Chipotle" "" #trip-los-angeles-2017
  Liabilities:US:Chase:Slate                       -15.24 USD
  Expenses:Food:Restaurant                          15.24 USD

2017-07-19 balance Liabilities:US:Chase:Slate    -2060.11 USD

2017-07-19 * "Mr. Marcel" "" #trip-los-angeles-2017
  Liabilities:US:Chase:Slate                       -39.92 USD
  Expenses:Food:Restaurant                          39.92 USD

2017-07-20 * "China Garden" "Eating out with Natasha"
  Liabilities:US:Chase:Slate                       -47.50 USD
  Expenses:Food:Restaurant                          47.50 USD

2017-07-20 * "Mr. Marcel" "" #trip-los-angeles-2017
  Liabilities:US:Chase:Slate                       -41.39 USD
  Expenses:Food:Restaurant                          41.39 USD

2017-07-20 * "Dupar's" "" #trip-los-angeles-2017
  Liabilities:US:Chase:Slate                       -34.30 USD
  Expenses:Food:Restaurant                          34.30 USD

2017-07-20 * "Chipotle" "" #trip-los-angeles-2017
  Liabilities:US:Chase:Slate                       -15.35 USD
  Expenses:Food:Restaurant                          15.35 USD

2017-07-20 * "Starbucks" "" #trip-los-angeles-2017
  Liabilities:US:Chase:Slate                        -4.96 USD
  Expenses:Food:Coffee                               4.96 USD

2017-07-20 * "E.B.'s Beer and Wine" "" #trip-los-angeles-2017
  Liabilities:US:Chase:Slate                        -8.73 USD
  Expenses:Food:Alcohol                              8.73 USD

2017-07-20 * "Consume vacation days"
  Assets:US:BayBook:Vacation                          -72 VACHR
  Expenses:Vacation                                    72 VACHR

2017-07-20 event "location" "New Metropolis"

2017-07-25 * "Jewel of Morroco" "Eating out with Bill"
  Liabilities:US:Chase:Slate                       -42.95 USD
  Expenses:Food:Restaurant                          42.95 USD

2017-07-30 * "Rose Flower" "Eating out with Julie"
  Liabilities:US:Chase:Slate                       -26.09 USD
  Expenses:Food:Restaurant                          26.09 USD

2017-08-01 * "Onion Market" "Buying groceries"
  Liabilities:US:Chase:Slate                       -76.12 USD
  Expenses:Food:Groceries                           76.12 USD

2017-08-02 * "Metro Transport Authority" "Tram tickets"
  Liabilities:US:Chase:Slate                      -120.00 USD
  Expenses:Transport:Tram                          120.00 USD

2017-08-04 * "Uncle Boons" "Eating out alone"
  Liabilities:US:Chase:Slate                       -23.66 USD
  Expenses:Food:Restaurant                          23.66 USD

2017-08-08 * "Cafe Modagor" "Eating out alone"
  Liabilities:US:Chase:Slate                       -33.73 USD
  Expenses:Food:Restaurant                          33.73 USD

2017-08-11 * "Rose Flower" "Eating out with Julie"
  Liabilities:US:Chase:Slate                       -27.08 USD
  Expenses:Food:Restaurant                          27.08 USD

2017-08-11 * "Chase:Slate" "Paying off credit card"
  Liabilities:US:Chase:Slate                       349.63 USD
  Assets:US:BofA:Checking                         -349.63 USD

2017-08-12 balance Liabilities:US:Chase:Slate    -2252.26 USD

2017-08-12 * "Farmer Fresh" "Buying groceries"
  Liabilities:US:Chase:Slate                       -67.44 USD
  Expenses:Food:Groceries                           67.44 USD

2017-08-14 * "Rose Flower" "Eating out with Natasha"
  Liabilities:US:Chase:Slate                       -23.63 USD
  Expenses:Food:Restaurant                          23.63 USD

2017-08-16 * "China Garden" "Eating out "
  Liabilities:US:Chase:Slate                       -25.38 USD
  Expenses:Food:Restaurant                          25.38 USD

2017-08-17 * "Farmer Fresh" "Buying groceries"
  Liabilities:US:Chase:Slate                       -71.53 USD
  Expenses:Food:Groceries                           71.53 USD

2017-08-20 * "Uncle Boons" "Eating out with Julie"
  Liabilities:US:Chase:Slate                       -26.01 USD
  Expenses:Food:Restaurant                          26.01 USD

2017-08-21 * "Kin Soy" "Eating out with Natasha"
  Liabilities:US:Chase:Slate                       -37.97 USD
  Expenses:Food:Restaurant                          37.97 USD

2017-08-24 * "Cafe Modagor" "Eating out with Julie"
  Liabilities:US:Chase:Slate                       -51.97 USD
  Expenses:Food:Restaurant                          51.97 USD

2017-08-26 * "Good Moods Market" "Buying groceries"
  Liabilities:US:Chase:Slate                       -65.92 USD
  Expenses:Food:Groceries                           65.92 USD

2017-08-29 * "Uncle Boons" "Eating out with Joe"
  Liabilities:US:Chase:Slate                       -22.83 USD
  Expenses:Food:Restaurant                          22.83 USD

2017-08-30 * "Kin Soy" "Eating out with Julie"
  Liabilities:US:Chase:Slate                       -40.95 USD
  Expenses:Food:Restaurant                          40.95 USD

2017-08-31 * "Metro Transport Authority" "Tram tickets"
  Liabilities:US:Chase:Slate                      -120.00 USD
  Expenses:Transport:Tram                          120.00 USD

2017-09-03 * "Jewel of Morroco" "Eating out alone"
  Liabilities:US:Chase:Slate                       -27.95 USD
  Expenses:Food:Restaurant                          27.95 USD

2017-09-05 * "Good Moods Market" "Buying groceries"
  Liabilities:US:Chase:Slate                       -54.01 USD
  Expenses:Food:Groceries                           54.01 USD

2017-09-06 * "Goba Goba" "Eating out with work buddies"
  Liabilities:US:Chase:Slate                       -41.79 USD
  Expenses:Food:Restaurant                          41.79 USD

2017-09-07 balance Liabilities:US:Chase:Slate    -2929.64 USD

2017-09-07 * "China Garden" "Eating out with Joe"
  Liabilities:US:Chase:Slate                       -27.55 USD
  Expenses:Food:Restaurant                          27.55 USD

2017-09-08 * "Uncle Boons" "Eating out with Julie"
  Liabilities:US:Chase:Slate                       -32.89 USD
  Expenses:Food:Restaurant                          32.89 USD

2017-09-13 * "Rose Flower" "Eating out with Bill"
  Liabilities:US:Chase:Slate                       -26.38 USD
  Expenses:Food:Restaurant                          26.38 USD

2017-09-17 * "Goba Goba" "Eating out with Julie"
  Liabilities:US:Chase:Slate                       -27.31 USD
  Expenses:Food:Restaurant                          27.31 USD

2017-09-18 * "Uncle Boons" "Eating out after work"
  Liabilities:US:Chase:Slate                       -14.11 USD
  Expenses:Food:Restaurant                          14.11 USD

2017-09-19 * "Farmer Fresh" "Buying groceries"
  Liabilities:US:Chase:Slate                       -97.11 USD
  Expenses:Food:Groceries                           97.11 USD

2017-09-22 * "Rose Flower" "Eating out with Natasha"
  Liabilities:US:Chase:Slate                       -44.48 USD
  Expenses:Food:Restaurant                          44.48 USD

2017-09-24 * "Cafe Modagor" "Eating out "
  Liabilities:US:Chase:Slate                       -44.69 USD
  Expenses:Food:Restaurant                          44.69 USD

2017-09-24 * "Corner Deli" "Buying groceries"
  Liabilities:US:Chase:Slate                       -76.42 USD
  Expenses:Food:Groceries                           76.42 USD

2017-09-25 * "Rose Flower" "Eating out after work"
  Liabilities:US:Chase:Slate                       -24.21 USD
  Expenses:Food:Restaurant                          24.21 USD

2017-09-26 * "Kin Soy" "Eating out with work buddies"
  Liabilities:US:Chase:Slate                       -24.05 USD
  Expenses:Food:Restaurant                          24.05 USD

2017-09-29 * "Corner Deli" "Buying groceries"
  Liabilities:US:Chase:Slate                       -52.46 USD
  Expenses:Food:Groceries                           52.46 USD

2017-09-30 * "China Garden" "Eating out with Bill"
  Liabilities:US:Chase:Slate                       -12.31 USD
  Expenses:Food:Restaurant                          12.31 USD

2017-10-01 balance Liabilities:US:Chase:Slate    -3433.61 USD

2017-10-01 * "Metro Transport Authority" "Tram tickets"
  Liabilities:US:Chase:Slate                      -120.00 USD
  Expenses:Transport:Tram                          120.00 USD

2017-10-04 * "Jewel of Morroco" "Eating out after work"
  Liabilities:US:Chase:Slate                       -27.46 USD
  Expenses:Food:Restaurant                          27.46 USD



* Taxable Investments

2015-01-01 open Assets:US:ETrade:Cash                       USD
2015-01-01 open Assets:US:ETrade:ITOT                       ITOT
2015-01-01 open Assets:US:ETrade:VEA                       VEA
2015-01-01 open Assets:US:ETrade:VHT                       VHT
2015-01-01 open Assets:US:ETrade:GLD                       GLD
2015-01-01 open Income:US:ETrade:Gains                      USD
2015-01-01 open Income:US:ETrade:Dividends                  USD

2015-09-18 * "Dividends on portfolio"
  Assets:US:ETrade:Cash                              0.00 USD
  Income:US:ETrade:Dividends                         0.00 USD

2015-09-23 * "Buy shares of VEA"
  Assets:US:ETrade:Cash                          -1380.43 USD                          
  Assets:US:ETrade:VEA                                 11 VEA {124.68 USD, 2015-09-23}
  Expenses:Financial:Commissions                     8.95 USD                          

2015-09-23 * "Buy shares of ITOT"
  Assets:US:ETrade:Cash                          -1242.49 USD                          
  Assets:US:ETrade:ITOT                                 6 ITOT {205.59 USD, 2015-09-23}
  Expenses:Financial:Commissions                     8.95 USD                          

2015-09-23 * "Buy shares of VHT"
  Assets:US:ETrade:Cash                          -1361.43 USD                         
  Assets:US:ETrade:VHT                                 16 VHT {84.53 USD, 2015-09-23}
  Expenses:Financial:Commissions                     8.95 USD                         

2015-11-12 * "Buy shares of GLD"
  Assets:US:ETrade:Cash                          -1979.73 USD                          
  Assets:US:ETrade:GLD                                 14 GLD {140.77 USD, 2015-11-12}
  Expenses:Financial:Commissions                     8.95 USD                          

2015-11-12 * "Buy shares of ITOT"
  Assets:US:ETrade:Cash                          -1921.81 USD                          
  Assets:US:ETrade:ITOT                                 9 ITOT {212.54 USD, 2015-11-12}
  Expenses:Financial:Commissions                     8.95 USD                          

2015-12-17 * "Dividends on portfolio"
  Assets:US:ETrade:Cash                             31.36 USD
  Income:US:ETrade:Dividends                       -31.36 USD

2016-02-18 * "Sell shares of VHT"
  Assets:US:ETrade:VHT                                -16 VHT {84.53 USD, 2015-09-23} @ 89.70 USD
  Assets:US:ETrade:Cash                           1426.25 USD                                     
  Expenses:Financial:Commissions                     8.95 USD                                     
  Income:US:ETrade:Gains                           -82.72 USD                                     

2016-02-28 * "Buy shares of VHT"
  Assets:US:ETrade:Cash                           -635.80 USD                         
  Assets:US:ETrade:VHT                                  7 VHT {89.55 USD, 2016-02-28}
  Expenses:Financial:Commissions                     8.95 USD                         

2016-02-28 * "Buy shares of ITOT"
  Assets:US:ETrade:Cash                           -647.26 USD                          
  Assets:US:ETrade:ITOT                                 3 ITOT {212.77 USD, 2016-02-28}
  Expenses:Financial:Commissions                     8.95 USD                          

2016-03-17 * "Dividends on portfolio"
  Assets:US:ETrade:Cash                             36.43 USD
  Income:US:ETrade:Dividends                       -36.43 USD

2016-04-07 * "Sell shares of GLD"
  Assets:US:ETrade:GLD                                -14 GLD {140.77 USD, 2015-11-12} @ 137.99 USD
  Assets:US:ETrade:Cash                           1922.91 USD                                       
  Expenses:Financial:Commissions                     8.95 USD                                       
  Income:US:ETrade:Gains                            38.92 USD                                       

2016-04-10 * "Buy shares of ITOT"
  Assets:US:ETrade:Cash                           -953.59 USD                          
  Assets:US:ETrade:ITOT                                 4 ITOT {236.16 USD, 2016-04-10}
  Expenses:Financial:Commissions                     8.95 USD                          

2016-04-10 * "Buy shares of VHT"
  Assets:US:ETrade:Cash                           -990.59 USD                         
  Assets:US:ETrade:VHT                                 11 VHT {89.24 USD, 2016-04-10}
  Expenses:Financial:Commissions                     8.95 USD                         

2016-06-17 * "Dividends on portfolio"
  Assets:US:ETrade:Cash                             44.13 USD
  Income:US:ETrade:Dividends                       -44.13 USD

2016-08-22 * "Buy shares of GLD"
  Assets:US:ETrade:Cash                          -2229.91 USD                          
  Assets:US:ETrade:GLD                                 16 GLD {138.81 USD, 2016-08-22}
  Expenses:Financial:Commissions                     8.95 USD                          

2016-08-22 * "Buy shares of VEA"
  Assets:US:ETrade:Cash                          -2233.40 USD                          
  Assets:US:ETrade:VEA                                 17 VEA {130.85 USD, 2016-08-22}
  Expenses:Financial:Commissions                     8.95 USD                          

2016-09-17 * "Dividends on portfolio"
  Assets:US:ETrade:Cash                             61.91 USD
  Income:US:ETrade:Dividends                       -61.91 USD

2016-10-25 * "Buy shares of VEA"
  Assets:US:ETrade:Cash                          -4700.83 USD                          
  Assets:US:ETrade:VEA                                 36 VEA {130.33 USD, 2016-10-25}
  Expenses:Financial:Commissions                     8.95 USD                          

2016-11-29 * "Buy shares of VHT"
  Assets:US:ETrade:Cash                          -2996.19 USD                         
  Assets:US:ETrade:VHT                                 34 VHT {87.86 USD, 2016-11-29}
  Expenses:Financial:Commissions                     8.95 USD                         

2016-12-17 * "Dividends on portfolio"
  Assets:US:ETrade:Cash                             92.63 USD
  Income:US:ETrade:Dividends                       -92.63 USD

2016-12-22 * "Sell shares of ITOT"
  Assets:US:ETrade:ITOT                                -9 ITOT {212.54 USD, 2015-11-12} @ 243.03 USD
  Assets:US:ETrade:Cash                           2178.32 USD                                       
  Expenses:Financial:Commissions                     8.95 USD                                       
  Income:US:ETrade:Gains                          -274.41 USD                                       

2017-01-11 * "Buy shares of ITOT"
  Assets:US:ETrade:Cash                           -477.41 USD                          
  Assets:US:ETrade:ITOT                                 2 ITOT {234.23 USD, 2017-01-11}
  Expenses:Financial:Commissions                     8.95 USD                          

2017-01-11 * "Buy shares of GLD"
  Assets:US:ETrade:Cash                           -643.40 USD                          
  Assets:US:ETrade:GLD                                  5 GLD {126.89 USD, 2017-01-11}
  Expenses:Financial:Commissions                     8.95 USD                          

2017-01-11 * "Buy shares of VHT"
  Assets:US:ETrade:Cash                           -657.91 USD                         
  Assets:US:ETrade:VHT                                  8 VHT {81.12 USD, 2017-01-11}
  Expenses:Financial:Commissions                     8.95 USD                         

2017-03-18 * "Dividends on portfolio"
  Assets:US:ETrade:Cash                             99.64 USD
  Income:US:ETrade:Dividends                       -99.64 USD

2017-06-18 * "Dividends on portfolio"
  Assets:US:ETrade:Cash                             99.64 USD
  Income:US:ETrade:Dividends                       -99.64 USD

2017-07-24 * "Sell shares of ITOT"
  Assets:US:ETrade:ITOT                                -6 ITOT {205.59 USD, 2015-09-23} @ 285.56 USD
  Assets:US:ETrade:Cash                           1704.41 USD                                       
  Expenses:Financial:Commissions                     8.95 USD                                       
  Income:US:ETrade:Gains                          -479.82 USD                                       

2017-07-27 * "Sell shares of ITOT"
  Assets:US:ETrade:ITOT                                -3 ITOT {212.77 USD, 2016-02-28} @ 285.56 USD
  Assets:US:ETrade:Cash                            847.73 USD                                       
  Expenses:Financial:Commissions                     8.95 USD                                       
  Income:US:ETrade:Gains                          -218.37 USD                                       

2017-08-17 * "Buy shares of VHT"
  Assets:US:ETrade:Cash                           -647.51 USD                         
  Assets:US:ETrade:VHT                                  8 VHT {79.82 USD, 2017-08-17}
  Expenses:Financial:Commissions                     8.95 USD                         

2017-08-17 * "Buy shares of GLD"
  Assets:US:ETrade:Cash                           -660.80 USD                          
  Assets:US:ETrade:GLD                                  5 GLD {130.37 USD, 2017-08-17}
  Expenses:Financial:Commissions                     8.95 USD                          

2017-08-17 * "Buy shares of ITOT"
  Assets:US:ETrade:Cash                           -556.57 USD                          
  Assets:US:ETrade:ITOT                                 2 ITOT {273.81 USD, 2017-08-17}
  Expenses:Financial:Commissions                     8.95 USD                          

2017-08-17 * "Buy shares of VEA"
  Assets:US:ETrade:Cash                           -672.30 USD                          
  Assets:US:ETrade:VEA                                  5 VEA {132.67 USD, 2017-08-17}
  Expenses:Financial:Commissions                     8.95 USD                          

2017-09-09 * "Buy shares of GLD"
  Assets:US:ETrade:Cash                          -2177.59 USD                          
  Assets:US:ETrade:GLD                                 16 GLD {135.54 USD, 2017-09-09}
  Expenses:Financial:Commissions                     8.95 USD                          

2017-09-09 * "Buy shares of VEA"
  Assets:US:ETrade:Cash                          -2091.51 USD                          
  Assets:US:ETrade:VEA                                 16 VEA {130.16 USD, 2017-09-09}
  Expenses:Financial:Commissions                     8.95 USD                          

2017-09-18 * "Dividends on portfolio"
  Assets:US:ETrade:Cash                            126.65 USD
  Income:US:ETrade:Dividends                      -126.65 USD



* Vanguard Investments

2015-01-01 open Assets:US:Vanguard:VBMPX                     VBMPX
  number: "882882"
2015-01-01 open Assets:US:Vanguard:RGAGX                     RGAGX
  number: "882882"
2015-01-01 open Assets:US:Vanguard                            USD
  address: "P.O. Box 1110, Valley Forge, PA 19482-1110"
  institution: "Vanguard Group"
  phone: "+1.800.523.1188"
2015-01-01 open Income:US:BayBook:Match401k                   USD
2015-01-01 open Assets:US:Vanguard:Cash                       USD
  number: "882882"

2015-01-02 * "Employer match for contribution"
  Assets:US:Vanguard:Cash                          600.00 USD
  Income:US:BayBook:Match401k                     -600.00 USD

2015-01-05 * "Investing 40% of cash in VBMPX"
  Assets:US:Vanguard:VBMPX                          4.654 VBMPX {103.13 USD, 2015-01-05}
  Assets:US:Vanguard:Cash                         -479.97 USD                            

2015-01-05 * "Investing 60% of cash in RGAGX"
  Assets:US:Vanguard:RGAGX                          5.161 RGAGX {139.50 USD, 2015-01-05}
  Assets:US:Vanguard:Cash                         -719.96 USD                            

2015-01-05 * "Investing 40% of cash in VBMPX"
  Assets:US:Vanguard:VBMPX                          2.327 VBMPX {103.13 USD, 2015-01-05}
  Assets:US:Vanguard:Cash                         -239.98 USD                            

2015-01-05 * "Investing 60% of cash in RGAGX"
  Assets:US:Vanguard:RGAGX                          2.581 RGAGX {139.50 USD, 2015-01-05}
  Assets:US:Vanguard:Cash                         -360.05 USD                            

2015-01-16 * "Employer match for contribution"
  Assets:US:Vanguard:Cash                          600.00 USD
  Income:US:BayBook:Match401k                     -600.00 USD

2015-01-19 * "Investing 40% of cash in VBMPX"
  Assets:US:Vanguard:VBMPX                          4.814 VBMPX {99.71 USD, 2015-01-19}
  Assets:US:Vanguard:Cash                         -480.00 USD                           

2015-01-19 * "Investing 60% of cash in RGAGX"
  Assets:US:Vanguard:RGAGX                          5.125 RGAGX {140.48 USD, 2015-01-19}
  Assets:US:Vanguard:Cash                         -719.96 USD                            

2015-01-19 * "Investing 40% of cash in VBMPX"
  Assets:US:Vanguard:VBMPX                          2.407 VBMPX {99.71 USD, 2015-01-19}
  Assets:US:Vanguard:Cash                         -240.00 USD                           

2015-01-19 * "Investing 60% of cash in RGAGX"
  Assets:US:Vanguard:RGAGX                          2.563 RGAGX {140.48 USD, 2015-01-19}
  Assets:US:Vanguard:Cash                         -360.05 USD                            

2015-01-30 * "Employer match for contribution"
  Assets:US:Vanguard:Cash                          600.00 USD
  Income:US:BayBook:Match401k                     -600.00 USD

2015-02-02 * "Investing 40% of cash in VBMPX"
  Assets:US:Vanguard:VBMPX                          4.763 VBMPX {100.77 USD, 2015-02-02}
  Assets:US:Vanguard:Cash                         -479.97 USD                            

2015-02-02 * "Investing 60% of cash in RGAGX"
  Assets:US:Vanguard:RGAGX                          5.146 RGAGX {139.93 USD, 2015-02-02}
  Assets:US:Vanguard:Cash                         -720.08 USD                            

2015-02-02 * "Investing 40% of cash in VBMPX"
  Assets:US:Vanguard:VBMPX                          2.382 VBMPX {100.77 USD, 2015-02-02}
  Assets:US:Vanguard:Cash                         -240.03 USD                            

2015-02-02 * "Investing 60% of cash in RGAGX"
  Assets:US:Vanguard:RGAGX                          2.573 RGAGX {139.93 USD, 2015-02-02}
  Assets:US:Vanguard:Cash                         -360.04 USD                            

2015-02-13 * "Employer match for contribution"
  Assets:US:Vanguard:Cash                          600.00 USD
  Income:US:BayBook:Match401k                     -600.00 USD

2015-02-16 * "Investing 40% of cash in VBMPX"
  Assets:US:Vanguard:VBMPX                          4.707 VBMPX {101.97 USD, 2015-02-16}
  Assets:US:Vanguard:Cash                         -479.97 USD                            

2015-02-16 * "Investing 60% of cash in RGAGX"
  Assets:US:Vanguard:RGAGX                          5.082 RGAGX {141.66 USD, 2015-02-16}
  Assets:US:Vanguard:Cash                         -719.92 USD                            

2015-02-16 * "Investing 40% of cash in VBMPX"
  Assets:US:Vanguard:VBMPX                          2.354 VBMPX {101.97 USD, 2015-02-16}
  Assets:US:Vanguard:Cash                         -240.04 USD                            

2015-02-16 * "Investing 60% of cash in RGAGX"
  Assets:US:Vanguard:RGAGX                          2.541 RGAGX {141.66 USD, 2015-02-16}
  Assets:US:Vanguard:Cash                         -359.96 USD                            

2015-02-27 * "Employer match for contribution"
  Assets:US:Vanguard:Cash                          600.00 USD
  Income:US:BayBook:Match401k                     -600.00 USD

2015-03-02 * "Investing 40% of cash in VBMPX"
  Assets:US:Vanguard:VBMPX                          4.708 VBMPX {101.95 USD, 2015-03-02}
  Assets:US:Vanguard:Cash                         -479.98 USD                            

2015-03-02 * "Investing 60% of cash in RGAGX"
  Assets:US:Vanguard:RGAGX                          5.017 RGAGX {143.51 USD, 2015-03-02}
  Assets:US:Vanguard:Cash                         -719.99 USD                            

2015-03-02 * "Investing 40% of cash in VBMPX"
  Assets:US:Vanguard:VBMPX                          2.354 VBMPX {101.95 USD, 2015-03-02}
  Assets:US:Vanguard:Cash                         -239.99 USD                            

2015-03-02 * "Investing 60% of cash in RGAGX"
  Assets:US:Vanguard:RGAGX                          2.509 RGAGX {143.51 USD, 2015-03-02}
  Assets:US:Vanguard:Cash                         -360.07 USD                            

2015-03-13 * "Employer match for contribution"
  Assets:US:Vanguard:Cash                          600.00 USD
  Income:US:BayBook:Match401k                     -600.00 USD

2015-03-16 * "Investing 40% of cash in VBMPX"
  Assets:US:Vanguard:VBMPX                          4.710 VBMPX {101.90 USD, 2015-03-16}
  Assets:US:Vanguard:Cash                         -479.95 USD                            

2015-03-16 * "Investing 60% of cash in RGAGX"
  Assets:US:Vanguard:RGAGX                          4.936 RGAGX {145.86 USD, 2015-03-16}
  Assets:US:Vanguard:Cash                         -719.96 USD                            

2015-03-16 * "Investing 40% of cash in VBMPX"
  Assets:US:Vanguard:VBMPX                          2.356 VBMPX {101.90 USD, 2015-03-16}
  Assets:US:Vanguard:Cash                         -240.08 USD                            

2015-03-16 * "Investing 60% of cash in RGAGX"
  Assets:US:Vanguard:RGAGX                          2.468 RGAGX {145.86 USD, 2015-03-16}
  Assets:US:Vanguard:Cash                         -359.98 USD                            

2015-03-27 * "Employer match for contribution"
  Assets:US:Vanguard:Cash                          600.00 USD
  Income:US:BayBook:Match401k                     -600.00 USD

2015-03-30 * "Investing 40% of cash in VBMPX"
  Assets:US:Vanguard:VBMPX                          4.730 VBMPX {101.49 USD, 2015-03-30}
  Assets:US:Vanguard:Cash                         -480.05 USD                            

2015-03-30 * "Investing 60% of cash in RGAGX"
  Assets:US:Vanguard:RGAGX                          4.863 RGAGX {148.05 USD, 2015-03-30}
  Assets:US:Vanguard:Cash                         -719.97 USD                            

2015-03-30 * "Investing 40% of cash in VBMPX"
  Assets:US:Vanguard:VBMPX                          2.365 VBMPX {101.49 USD, 2015-03-30}
  Assets:US:Vanguard:Cash                         -240.02 USD                            

2015-03-30 * "Investing 60% of cash in RGAGX"
  Assets:US:Vanguard:RGAGX                          2.432 RGAGX {148.05 USD, 2015-03-30}
  Assets:US:Vanguard:Cash                         -360.06 USD                            

2015-04-10 * "Employer match for contribution"
  Assets:US:Vanguard:Cash                          600.00 USD
  Income:US:BayBook:Match401k                     -600.00 USD

2015-04-13 * "Investing 40% of cash in VBMPX"
  Assets:US:Vanguard:VBMPX                          4.686 VBMPX {102.43 USD, 2015-04-13}
  Assets:US:Vanguard:Cash                         -479.99 USD                            

2015-04-13 * "Investing 60% of cash in RGAGX"
  Assets:US:Vanguard:RGAGX                          4.834 RGAGX {148.94 USD, 2015-04-13}
  Assets:US:Vanguard:Cash                         -719.98 USD                            

2015-04-13 * "Investing 40% of cash in VBMPX"
  Assets:US:Vanguard:VBMPX                          2.343 VBMPX {102.43 USD, 2015-04-13}
  Assets:US:Vanguard:Cash                         -239.99 USD                            

2015-04-13 * "Investing 60% of cash in RGAGX"
  Assets:US:Vanguard:RGAGX                          2.417 RGAGX {148.94 USD, 2015-04-13}
  Assets:US:Vanguard:Cash                         -359.99 USD                            

2015-04-24 * "Employer match for contribution"
  Assets:US:Vanguard:Cash                          600.00 USD
  Income:US:BayBook:Match401k                     -600.00 USD

2015-04-27 * "Investing 40% of cash in VBMPX"
  Assets:US:Vanguard:VBMPX                          4.751 VBMPX {101.02 USD, 2015-04-27}
  Assets:US:Vanguard:Cash                         -479.95 USD                            

2015-04-27 * "Investing 60% of cash in RGAGX"
  Assets:US:Vanguard:RGAGX                          4.843 RGAGX {148.67 USD, 2015-04-27}
  Assets:US:Vanguard:Cash                         -720.01 USD                            

2015-04-27 * "Investing 40% of cash in VBMPX"
  Assets:US:Vanguard:VBMPX                          2.376 VBMPX {101.02 USD, 2015-04-27}
  Assets:US:Vanguard:Cash                         -240.02 USD                            

2015-04-27 * "Investing 60% of cash in RGAGX"
  Assets:US:Vanguard:RGAGX                          2.422 RGAGX {148.67 USD, 2015-04-27}
  Assets:US:Vanguard:Cash                         -360.08 USD                            

2015-05-08 * "Employer match for contribution"
  Assets:US:Vanguard:Cash                          600.00 USD
  Income:US:BayBook:Match401k                     -600.00 USD

2015-05-11 * "Investing 40% of cash in VBMPX"
  Assets:US:Vanguard:VBMPX                          4.701 VBMPX {102.09 USD, 2015-05-11}
  Assets:US:Vanguard:Cash                         -479.93 USD                            

2015-05-11 * "Investing 60% of cash in RGAGX"
  Assets:US:Vanguard:RGAGX                          4.949 RGAGX {145.46 USD, 2015-05-11}
  Assets:US:Vanguard:Cash                         -719.88 USD                            

2015-05-11 * "Investing 40% of cash in VBMPX"
  Assets:US:Vanguard:VBMPX                          2.351 VBMPX {102.09 USD, 2015-05-11}
  Assets:US:Vanguard:Cash                         -240.01 USD                            

2015-05-11 * "Investing 60% of cash in RGAGX"
  Assets:US:Vanguard:RGAGX                          2.475 RGAGX {145.46 USD, 2015-05-11}
  Assets:US:Vanguard:Cash                         -360.01 USD                            

2015-05-22 * "Employer match for contribution"
  Assets:US:Vanguard:Cash                          600.00 USD
  Income:US:BayBook:Match401k                     -600.00 USD

2015-05-25 * "Investing 40% of cash in VBMPX"
  Assets:US:Vanguard:VBMPX                          4.698 VBMPX {102.18 USD, 2015-05-25}
  Assets:US:Vanguard:Cash                         -480.04 USD                            

2015-05-25 * "Investing 60% of cash in RGAGX"
  Assets:US:Vanguard:RGAGX                          4.862 RGAGX {148.11 USD, 2015-05-25}
  Assets:US:Vanguard:Cash                         -720.11 USD                            

2015-05-25 * "Investing 40% of cash in VBMPX"
  Assets:US:Vanguard:VBMPX                          2.349 VBMPX {102.18 USD, 2015-05-25}
  Assets:US:Vanguard:Cash                         -240.02 USD                            

2015-05-25 * "Investing 60% of cash in RGAGX"
  Assets:US:Vanguard:RGAGX                          2.430 RGAGX {148.11 USD, 2015-05-25}
  Assets:US:Vanguard:Cash                         -359.91 USD                            

2015-06-05 * "Employer match for contribution"
  Assets:US:Vanguard:Cash                          600.00 USD
  Income:US:BayBook:Match401k                     -600.00 USD

2015-06-08 * "Investing 40% of cash in VBMPX"
  Assets:US:Vanguard:VBMPX                          4.758 VBMPX {100.88 USD, 2015-06-08}
  Assets:US:Vanguard:Cash                         -479.99 USD                            

2015-06-08 * "Investing 60% of cash in RGAGX"
  Assets:US:Vanguard:RGAGX                          4.741 RGAGX {151.88 USD, 2015-06-08}
  Assets:US:Vanguard:Cash                         -720.06 USD                            

2015-06-08 * "Investing 40% of cash in VBMPX"
  Assets:US:Vanguard:VBMPX                          2.379 VBMPX {100.88 USD, 2015-06-08}
  Assets:US:Vanguard:Cash                         -239.99 USD                            

2015-06-08 * "Investing 60% of cash in RGAGX"
  Assets:US:Vanguard:RGAGX                          2.370 RGAGX {151.88 USD, 2015-06-08}
  Assets:US:Vanguard:Cash                         -359.96 USD                            

2015-06-19 * "Employer match for contribution"
  Assets:US:Vanguard:Cash                          600.00 USD
  Income:US:BayBook:Match401k                     -600.00 USD

2015-06-22 * "Investing 40% of cash in VBMPX"
  Assets:US:Vanguard:VBMPX                          4.723 VBMPX {101.62 USD, 2015-06-22}
  Assets:US:Vanguard:Cash                         -479.95 USD                            

2015-06-22 * "Investing 60% of cash in RGAGX"
  Assets:US:Vanguard:RGAGX                          4.688 RGAGX {153.59 USD, 2015-06-22}
  Assets:US:Vanguard:Cash                         -720.03 USD                            

2015-06-22 * "Investing 40% of cash in VBMPX"
  Assets:US:Vanguard:VBMPX                          2.362 VBMPX {101.62 USD, 2015-06-22}
  Assets:US:Vanguard:Cash                         -240.03 USD                            

2015-06-22 * "Investing 60% of cash in RGAGX"
  Assets:US:Vanguard:RGAGX                          2.344 RGAGX {153.59 USD, 2015-06-22}
  Assets:US:Vanguard:Cash                         -360.01 USD                            

2015-07-03 * "Employer match for contribution"
  Assets:US:Vanguard:Cash                          600.00 USD
  Income:US:BayBook:Match401k                     -600.00 USD

2015-07-06 * "Investing 40% of cash in VBMPX"
  Assets:US:Vanguard:VBMPX                          4.786 VBMPX {100.30 USD, 2015-07-06}
  Assets:US:Vanguard:Cash                         -480.04 USD                            

2015-07-06 * "Investing 60% of cash in RGAGX"
  Assets:US:Vanguard:RGAGX                          4.633 RGAGX {155.41 USD, 2015-07-06}
  Assets:US:Vanguard:Cash                         -720.01 USD                            

2015-07-06 * "Investing 40% of cash in VBMPX"
  Assets:US:Vanguard:VBMPX                          2.393 VBMPX {100.30 USD, 2015-07-06}
  Assets:US:Vanguard:Cash                         -240.02 USD                            

2015-07-06 * "Investing 60% of cash in RGAGX"
  Assets:US:Vanguard:RGAGX                          2.316 RGAGX {155.41 USD, 2015-07-06}
  Assets:US:Vanguard:Cash                         -359.93 USD                            

2015-07-17 * "Employer match for contribution"
  Assets:US:Vanguard:Cash                          600.00 USD
  Income:US:BayBook:Match401k                     -600.00 USD

2015-07-20 * "Investing 40% of cash in VBMPX"
  Assets:US:Vanguard:VBMPX                          4.973 VBMPX {96.51 USD, 2015-07-20}
  Assets:US:Vanguard:Cash                         -479.94 USD                           

2015-07-20 * "Investing 60% of cash in RGAGX"
  Assets:US:Vanguard:RGAGX                          4.684 RGAGX {153.71 USD, 2015-07-20}
  Assets:US:Vanguard:Cash                         -719.98 USD                            

2015-07-20 * "Investing 40% of cash in VBMPX"
  Assets:US:Vanguard:VBMPX                          2.487 VBMPX {96.51 USD, 2015-07-20}
  Assets:US:Vanguard:Cash                         -240.02 USD                           

2015-07-20 * "Investing 60% of cash in RGAGX"
  Assets:US:Vanguard:RGAGX                          2.342 RGAGX {153.71 USD, 2015-07-20}
  Assets:US:Vanguard:Cash                         -359.99 USD                            

2016-01-15 * "Employer match for contribution"
  Assets:US:Vanguard:Cash                          600.00 USD
  Income:US:BayBook:Match401k                     -600.00 USD

2016-01-18 * "Investing 40% of cash in VBMPX"
  Assets:US:Vanguard:VBMPX                          4.956 VBMPX {96.86 USD, 2016-01-18}
  Assets:US:Vanguard:Cash                         -480.04 USD                           

2016-01-18 * "Investing 60% of cash in RGAGX"
  Assets:US:Vanguard:RGAGX                          4.618 RGAGX {155.92 USD, 2016-01-18}
  Assets:US:Vanguard:Cash                         -720.04 USD                            

2016-01-18 * "Investing 40% of cash in VBMPX"
  Assets:US:Vanguard:VBMPX                          2.478 VBMPX {96.86 USD, 2016-01-18}
  Assets:US:Vanguard:Cash                         -240.02 USD                           

2016-01-18 * "Investing 60% of cash in RGAGX"
  Assets:US:Vanguard:RGAGX                          2.309 RGAGX {155.92 USD, 2016-01-18}
  Assets:US:Vanguard:Cash                         -360.02 USD                            

2016-01-29 * "Employer match for contribution"
  Assets:US:Vanguard:Cash                          600.00 USD
  Income:US:BayBook:Match401k                     -600.00 USD

2016-02-01 * "Investing 40% of cash in VBMPX"
  Assets:US:Vanguard:VBMPX                          4.980 VBMPX {96.38 USD, 2016-02-01}
  Assets:US:Vanguard:Cash                         -479.97 USD                           

2016-02-01 * "Investing 60% of cash in RGAGX"
  Assets:US:Vanguard:RGAGX                          4.468 RGAGX {161.14 USD, 2016-02-01}
  Assets:US:Vanguard:Cash                         -719.97 USD                            

2016-02-01 * "Investing 40% of cash in VBMPX"
  Assets:US:Vanguard:VBMPX                          2.490 VBMPX {96.38 USD, 2016-02-01}
  Assets:US:Vanguard:Cash                         -239.99 USD                           

2016-02-01 * "Investing 60% of cash in RGAGX"
  Assets:US:Vanguard:RGAGX                          2.234 RGAGX {161.14 USD, 2016-02-01}
  Assets:US:Vanguard:Cash                         -359.99 USD                            

2016-02-12 * "Employer match for contribution"
  Assets:US:Vanguard:Cash                          600.00 USD
  Income:US:BayBook:Match401k                     -600.00 USD

2016-02-15 * "Investing 40% of cash in VBMPX"
  Assets:US:Vanguard:VBMPX                          4.956 VBMPX {96.86 USD, 2016-02-15}
  Assets:US:Vanguard:Cash                         -480.04 USD                           

2016-02-15 * "Investing 60% of cash in RGAGX"
  Assets:US:Vanguard:RGAGX                          4.489 RGAGX {160.39 USD, 2016-02-15}
  Assets:US:Vanguard:Cash                         -719.99 USD                            

2016-02-15 * "Investing 40% of cash in VBMPX"
  Assets:US:Vanguard:VBMPX                          2.478 VBMPX {96.86 USD, 2016-02-15}
  Assets:US:Vanguard:Cash                         -240.02 USD                           

2016-02-15 * "Investing 60% of cash in RGAGX"
  Assets:US:Vanguard:RGAGX                          2.244 RGAGX {160.39 USD, 2016-02-15}
  Assets:US:Vanguard:Cash                         -359.92 USD                            

2016-02-26 * "Employer match for contribution"
  Assets:US:Vanguard:Cash                          600.00 USD
  Income:US:BayBook:Match401k                     -600.00 USD

2016-02-29 * "Investing 40% of cash in VBMPX"
  Assets:US:Vanguard:VBMPX                          4.929 VBMPX {97.38 USD, 2016-02-29}
  Assets:US:Vanguard:Cash                         -479.99 USD                           

2016-02-29 * "Investing 60% of cash in RGAGX"
  Assets:US:Vanguard:RGAGX                          4.480 RGAGX {160.72 USD, 2016-02-29}
  Assets:US:Vanguard:Cash                         -720.03 USD                            

2016-02-29 * "Investing 40% of cash in VBMPX"
  Assets:US:Vanguard:VBMPX                          2.465 VBMPX {97.38 USD, 2016-02-29}
  Assets:US:Vanguard:Cash                         -240.04 USD                           

2016-02-29 * "Investing 60% of cash in RGAGX"
  Assets:US:Vanguard:RGAGX                          2.240 RGAGX {160.72 USD, 2016-02-29}
  Assets:US:Vanguard:Cash                         -360.01 USD                            

2016-03-11 * "Employer match for contribution"
  Assets:US:Vanguard:Cash                          600.00 USD
  Income:US:BayBook:Match401k                     -600.00 USD

2016-03-14 * "Investing 40% of cash in VBMPX"
  Assets:US:Vanguard:VBMPX                          4.809 VBMPX {99.80 USD, 2016-03-14}
  Assets:US:Vanguard:Cash                         -479.94 USD                           

2016-03-14 * "Investing 60% of cash in RGAGX"
  Assets:US:Vanguard:RGAGX                          4.480 RGAGX {160.71 USD, 2016-03-14}
  Assets:US:Vanguard:Cash                         -719.98 USD                            

2016-03-14 * "Investing 40% of cash in VBMPX"
  Assets:US:Vanguard:VBMPX                          2.405 VBMPX {99.80 USD, 2016-03-14}
  Assets:US:Vanguard:Cash                         -240.02 USD                           

2016-03-14 * "Investing 60% of cash in RGAGX"
  Assets:US:Vanguard:RGAGX                          2.240 RGAGX {160.71 USD, 2016-03-14}
  Assets:US:Vanguard:Cash                         -359.99 USD                            

2016-03-25 * "Employer match for contribution"
  Assets:US:Vanguard:Cash                          600.00 USD
  Income:US:BayBook:Match401k                     -600.00 USD

2016-03-28 * "Investing 40% of cash in VBMPX"
  Assets:US:Vanguard:VBMPX                          4.765 VBMPX {100.74 USD, 2016-03-28}
  Assets:US:Vanguard:Cash                         -480.03 USD                            

2016-03-28 * "Investing 60% of cash in RGAGX"
  Assets:US:Vanguard:RGAGX                          4.503 RGAGX {159.89 USD, 2016-03-28}
  Assets:US:Vanguard:Cash                         -719.98 USD                            

2016-03-28 * "Investing 40% of cash in VBMPX"
  Assets:US:Vanguard:VBMPX                          2.382 VBMPX {100.74 USD, 2016-03-28}
  Assets:US:Vanguard:Cash                         -239.96 USD                            

2016-03-28 * "Investing 60% of cash in RGAGX"
  Assets:US:Vanguard:RGAGX                          2.252 RGAGX {159.89 USD, 2016-03-28}
  Assets:US:Vanguard:Cash                         -360.07 USD                            

2016-04-08 * "Employer match for contribution"
  Assets:US:Vanguard:Cash                          600.00 USD
  Income:US:BayBook:Match401k                     -600.00 USD

2016-04-11 * "Investing 40% of cash in VBMPX"
  Assets:US:Vanguard:VBMPX                          4.732 VBMPX {101.44 USD, 2016-04-11}
  Assets:US:Vanguard:Cash                         -480.01 USD                            

2016-04-11 * "Investing 60% of cash in RGAGX"
  Assets:US:Vanguard:RGAGX                          4.503 RGAGX {159.90 USD, 2016-04-11}
  Assets:US:Vanguard:Cash                         -720.03 USD                            

2016-04-11 * "Investing 40% of cash in VBMPX"
  Assets:US:Vanguard:VBMPX                          2.366 VBMPX {101.44 USD, 2016-04-11}
  Assets:US:Vanguard:Cash                         -240.01 USD                            

2016-04-11 * "Investing 60% of cash in RGAGX"
  Assets:US:Vanguard:RGAGX                          2.251 RGAGX {159.90 USD, 2016-04-11}
  Assets:US:Vanguard:Cash                         -359.93 USD                            

2016-04-22 * "Employer match for contribution"
  Assets:US:Vanguard:Cash                          600.00 USD
  Income:US:BayBook:Match401k                     -600.00 USD

2016-04-25 * "Investing 40% of cash in VBMPX"
  Assets:US:Vanguard:VBMPX                          4.678 VBMPX {102.61 USD, 2016-04-25}
  Assets:US:Vanguard:Cash                         -480.01 USD                            

2016-04-25 * "Investing 60% of cash in RGAGX"
  Assets:US:Vanguard:RGAGX                          4.517 RGAGX {159.39 USD, 2016-04-25}
  Assets:US:Vanguard:Cash                         -719.96 USD                            

2016-04-25 * "Investing 40% of cash in VBMPX"
  Assets:US:Vanguard:VBMPX                          2.339 VBMPX {102.61 USD, 2016-04-25}
  Assets:US:Vanguard:Cash                         -240.00 USD                            

2016-04-25 * "Investing 60% of cash in RGAGX"
  Assets:US:Vanguard:RGAGX                          2.259 RGAGX {159.39 USD, 2016-04-25}
  Assets:US:Vanguard:Cash                         -360.06 USD                            

2016-05-06 * "Employer match for contribution"
  Assets:US:Vanguard:Cash                          600.00 USD
  Income:US:BayBook:Match401k                     -600.00 USD

2016-05-09 * "Investing 40% of cash in VBMPX"
  Assets:US:Vanguard:VBMPX                          4.646 VBMPX {103.31 USD, 2016-05-09}
  Assets:US:Vanguard:Cash                         -479.98 USD                            

2016-05-09 * "Investing 60% of cash in RGAGX"
  Assets:US:Vanguard:RGAGX                          4.496 RGAGX {160.14 USD, 2016-05-09}
  Assets:US:Vanguard:Cash                         -719.99 USD                            

2016-05-09 * "Investing 40% of cash in VBMPX"
  Assets:US:Vanguard:VBMPX                          2.323 VBMPX {103.31 USD, 2016-05-09}
  Assets:US:Vanguard:Cash                         -239.99 USD                            

2016-05-09 * "Investing 60% of cash in RGAGX"
  Assets:US:Vanguard:RGAGX                          2.248 RGAGX {160.14 USD, 2016-05-09}
  Assets:US:Vanguard:Cash                         -359.99 USD                            

2016-05-20 * "Employer match for contribution"
  Assets:US:Vanguard:Cash                          600.00 USD
  Income:US:BayBook:Match401k                     -600.00 USD

2016-05-23 * "Investing 40% of cash in VBMPX"
  Assets:US:Vanguard:VBMPX                          4.698 VBMPX {102.18 USD, 2016-05-23}
  Assets:US:Vanguard:Cash                         -480.04 USD                            

2016-05-23 * "Investing 60% of cash in RGAGX"
  Assets:US:Vanguard:RGAGX                          4.506 RGAGX {159.80 USD, 2016-05-23}
  Assets:US:Vanguard:Cash                         -720.06 USD                            

2016-05-23 * "Investing 40% of cash in VBMPX"
  Assets:US:Vanguard:VBMPX                          2.349 VBMPX {102.18 USD, 2016-05-23}
  Assets:US:Vanguard:Cash                         -240.02 USD                            

2016-05-23 * "Investing 60% of cash in RGAGX"
  Assets:US:Vanguard:RGAGX                          2.253 RGAGX {159.80 USD, 2016-05-23}
  Assets:US:Vanguard:Cash                         -360.03 USD                            

2016-06-03 * "Employer match for contribution"
  Assets:US:Vanguard:Cash                          600.00 USD
  Income:US:BayBook:Match401k                     -600.00 USD

2016-06-06 * "Investing 40% of cash in VBMPX"
  Assets:US:Vanguard:VBMPX                          4.732 VBMPX {101.43 USD, 2016-06-06}
  Assets:US:Vanguard:Cash                         -479.97 USD                            

2016-06-06 * "Investing 60% of cash in RGAGX"
  Assets:US:Vanguard:RGAGX                          4.433 RGAGX {162.41 USD, 2016-06-06}
  Assets:US:Vanguard:Cash                         -719.96 USD                            

2016-06-06 * "Investing 40% of cash in VBMPX"
  Assets:US:Vanguard:VBMPX                          2.366 VBMPX {101.43 USD, 2016-06-06}
  Assets:US:Vanguard:Cash                         -239.98 USD                            

2016-06-06 * "Investing 60% of cash in RGAGX"
  Assets:US:Vanguard:RGAGX                          2.216 RGAGX {162.41 USD, 2016-06-06}
  Assets:US:Vanguard:Cash                         -359.90 USD                            

2016-06-17 * "Employer match for contribution"
  Assets:US:Vanguard:Cash                          600.00 USD
  Income:US:BayBook:Match401k                     -600.00 USD

2016-06-20 * "Investing 40% of cash in VBMPX"
  Assets:US:Vanguard:VBMPX                          4.652 VBMPX {103.19 USD, 2016-06-20}
  Assets:US:Vanguard:Cash                         -480.04 USD                            

2016-06-20 * "Investing 60% of cash in RGAGX"
  Assets:US:Vanguard:RGAGX                          4.414 RGAGX {163.11 USD, 2016-06-20}
  Assets:US:Vanguard:Cash                         -719.97 USD                            

2016-06-20 * "Investing 40% of cash in VBMPX"
  Assets:US:Vanguard:VBMPX                          2.326 VBMPX {103.19 USD, 2016-06-20}
  Assets:US:Vanguard:Cash                         -240.02 USD                            

2016-06-20 * "Investing 60% of cash in RGAGX"
  Assets:US:Vanguard:RGAGX                          2.207 RGAGX {163.11 USD, 2016-06-20}
  Assets:US:Vanguard:Cash                         -359.98 USD                            

2016-07-01 * "Employer match for contribution"
  Assets:US:Vanguard:Cash                          600.00 USD
  Income:US:BayBook:Match401k                     -600.00 USD

2016-07-04 * "Investing 40% of cash in VBMPX"
  Assets:US:Vanguard:VBMPX                          4.594 VBMPX {104.50 USD, 2016-07-04}
  Assets:US:Vanguard:Cash                         -480.07 USD                            

2016-07-04 * "Investing 60% of cash in RGAGX"
  Assets:US:Vanguard:RGAGX                          4.376 RGAGX {164.55 USD, 2016-07-04}
  Assets:US:Vanguard:Cash                         -720.07 USD                            

2016-07-04 * "Investing 40% of cash in VBMPX"
  Assets:US:Vanguard:VBMPX                          2.296 VBMPX {104.50 USD, 2016-07-04}
  Assets:US:Vanguard:Cash                         -239.93 USD                            

2016-07-04 * "Investing 60% of cash in RGAGX"
  Assets:US:Vanguard:RGAGX                          2.188 RGAGX {164.55 USD, 2016-07-04}
  Assets:US:Vanguard:Cash                         -360.04 USD                            

2016-07-15 * "Employer match for contribution"
  Assets:US:Vanguard:Cash                          600.00 USD
  Income:US:BayBook:Match401k                     -600.00 USD

2016-07-18 * "Investing 40% of cash in VBMPX"
  Assets:US:Vanguard:VBMPX                          4.526 VBMPX {106.05 USD, 2016-07-18}
  Assets:US:Vanguard:Cash                         -479.98 USD                            

2016-07-18 * "Investing 60% of cash in RGAGX"
  Assets:US:Vanguard:RGAGX                          4.339 RGAGX {165.93 USD, 2016-07-18}
  Assets:US:Vanguard:Cash                         -719.97 USD                            

2016-07-18 * "Investing 40% of cash in VBMPX"
  Assets:US:Vanguard:VBMPX                          2.263 VBMPX {106.05 USD, 2016-07-18}
  Assets:US:Vanguard:Cash                         -239.99 USD                            

2016-07-18 * "Investing 60% of cash in RGAGX"
  Assets:US:Vanguard:RGAGX                          2.170 RGAGX {165.93 USD, 2016-07-18}
  Assets:US:Vanguard:Cash                         -360.07 USD                            

2016-07-29 * "Employer match for contribution"
  Assets:US:Vanguard:Cash                          600.00 USD
  Income:US:BayBook:Match401k                     -600.00 USD

2016-08-01 * "Investing 40% of cash in VBMPX"
  Assets:US:Vanguard:VBMPX                          4.479 VBMPX {107.17 USD, 2016-08-01}
  Assets:US:Vanguard:Cash                         -480.01 USD                            

2016-08-01 * "Investing 60% of cash in RGAGX"
  Assets:US:Vanguard:RGAGX                          4.309 RGAGX {167.10 USD, 2016-08-01}
  Assets:US:Vanguard:Cash                         -720.03 USD                            

2016-08-01 * "Investing 40% of cash in VBMPX"
  Assets:US:Vanguard:VBMPX                          2.239 VBMPX {107.17 USD, 2016-08-01}
  Assets:US:Vanguard:Cash                         -239.95 USD                            

2016-08-01 * "Investing 60% of cash in RGAGX"
  Assets:US:Vanguard:RGAGX                          2.154 RGAGX {167.10 USD, 2016-08-01}
  Assets:US:Vanguard:Cash                         -359.93 USD                            

2017-01-13 * "Employer match for contribution"
  Assets:US:Vanguard:Cash                          600.00 USD
  Income:US:BayBook:Match401k                     -600.00 USD

2017-01-16 * "Investing 40% of cash in VBMPX"
  Assets:US:Vanguard:VBMPX                          4.055 VBMPX {118.38 USD, 2017-01-16}
  Assets:US:Vanguard:Cash                         -480.03 USD                            

2017-01-16 * "Investing 60% of cash in RGAGX"
  Assets:US:Vanguard:RGAGX                          3.975 RGAGX {181.13 USD, 2017-01-16}
  Assets:US:Vanguard:Cash                         -719.99 USD                            

2017-01-16 * "Investing 40% of cash in VBMPX"
  Assets:US:Vanguard:VBMPX                          2.027 VBMPX {118.38 USD, 2017-01-16}
  Assets:US:Vanguard:Cash                         -239.96 USD                            

2017-01-16 * "Investing 60% of cash in RGAGX"
  Assets:US:Vanguard:RGAGX                          1.988 RGAGX {181.13 USD, 2017-01-16}
  Assets:US:Vanguard:Cash                         -360.09 USD                            

2017-01-27 * "Employer match for contribution"
  Assets:US:Vanguard:Cash                          600.00 USD
  Income:US:BayBook:Match401k                     -600.00 USD

2017-01-30 * "Investing 40% of cash in VBMPX"
  Assets:US:Vanguard:VBMPX                          4.012 VBMPX {119.64 USD, 2017-01-30}
  Assets:US:Vanguard:Cash                         -480.00 USD                            

2017-01-30 * "Investing 60% of cash in RGAGX"
  Assets:US:Vanguard:RGAGX                          3.959 RGAGX {181.88 USD, 2017-01-30}
  Assets:US:Vanguard:Cash                         -720.06 USD                            

2017-01-30 * "Investing 40% of cash in VBMPX"
  Assets:US:Vanguard:VBMPX                          2.006 VBMPX {119.64 USD, 2017-01-30}
  Assets:US:Vanguard:Cash                         -240.00 USD                            

2017-01-30 * "Investing 60% of cash in RGAGX"
  Assets:US:Vanguard:RGAGX                          1.979 RGAGX {181.88 USD, 2017-01-30}
  Assets:US:Vanguard:Cash                         -359.94 USD                            

2017-02-10 * "Employer match for contribution"
  Assets:US:Vanguard:Cash                          600.00 USD
  Income:US:BayBook:Match401k                     -600.00 USD

2017-02-13 * "Investing 40% of cash in VBMPX"
  Assets:US:Vanguard:VBMPX                          4.054 VBMPX {118.39 USD, 2017-02-13}
  Assets:US:Vanguard:Cash                         -479.95 USD                            

2017-02-13 * "Investing 60% of cash in RGAGX"
  Assets:US:Vanguard:RGAGX                          3.982 RGAGX {180.81 USD, 2017-02-13}
  Assets:US:Vanguard:Cash                         -719.99 USD                            

2017-02-13 * "Investing 40% of cash in VBMPX"
  Assets:US:Vanguard:VBMPX                          2.027 VBMPX {118.39 USD, 2017-02-13}
  Assets:US:Vanguard:Cash                         -239.98 USD                            

2017-02-13 * "Investing 60% of cash in RGAGX"
  Assets:US:Vanguard:RGAGX                          1.991 RGAGX {180.81 USD, 2017-02-13}
  Assets:US:Vanguard:Cash                         -359.99 USD                            

2017-02-24 * "Employer match for contribution"
  Assets:US:Vanguard:Cash                          600.00 USD
  Income:US:BayBook:Match401k                     -600.00 USD

2017-02-27 * "Investing 40% of cash in VBMPX"
  Assets:US:Vanguard:VBMPX                          3.956 VBMPX {121.34 USD, 2017-02-27}
  Assets:US:Vanguard:Cash                         -480.02 USD                            

2017-02-27 * "Investing 60% of cash in RGAGX"
  Assets:US:Vanguard:RGAGX                          4.018 RGAGX {179.21 USD, 2017-02-27}
  Assets:US:Vanguard:Cash                         -720.07 USD                            

2017-02-27 * "Investing 40% of cash in VBMPX"
  Assets:US:Vanguard:VBMPX                          1.978 VBMPX {121.34 USD, 2017-02-27}
  Assets:US:Vanguard:Cash                         -240.01 USD                            

2017-02-27 * "Investing 60% of cash in RGAGX"
  Assets:US:Vanguard:RGAGX                          2.009 RGAGX {179.21 USD, 2017-02-27}
  Assets:US:Vanguard:Cash                         -360.03 USD                            

2017-03-10 * "Employer match for contribution"
  Assets:US:Vanguard:Cash                          600.00 USD
  Income:US:BayBook:Match401k                     -600.00 USD

2017-03-13 * "Investing 40% of cash in VBMPX"
  Assets:US:Vanguard:VBMPX                          3.942 VBMPX {121.77 USD, 2017-03-13}
  Assets:US:Vanguard:Cash                         -480.02 USD                            

2017-03-13 * "Investing 60% of cash in RGAGX"
  Assets:US:Vanguard:RGAGX                          4.040 RGAGX {178.21 USD, 2017-03-13}
  Assets:US:Vanguard:Cash                         -719.97 USD                            

2017-03-13 * "Investing 40% of cash in VBMPX"
  Assets:US:Vanguard:VBMPX                          1.971 VBMPX {121.77 USD, 2017-03-13}
  Assets:US:Vanguard:Cash                         -240.01 USD                            

2017-03-13 * "Investing 60% of cash in RGAGX"
  Assets:US:Vanguard:RGAGX                          2.020 RGAGX {178.21 USD, 2017-03-13}
  Assets:US:Vanguard:Cash                         -359.98 USD                            

2017-03-24 * "Employer match for contribution"
  Assets:US:Vanguard:Cash                          600.00 USD
  Income:US:BayBook:Match401k                     -600.00 USD

2017-03-27 * "Investing 40% of cash in VBMPX"
  Assets:US:Vanguard:VBMPX                          3.952 VBMPX {121.45 USD, 2017-03-27}
  Assets:US:Vanguard:Cash                         -479.97 USD                            

2017-03-27 * "Investing 60% of cash in RGAGX"
  Assets:US:Vanguard:RGAGX                          4.055 RGAGX {177.55 USD, 2017-03-27}
  Assets:US:Vanguard:Cash                         -719.97 USD                            

2017-03-27 * "Investing 40% of cash in VBMPX"
  Assets:US:Vanguard:VBMPX                          1.976 VBMPX {121.45 USD, 2017-03-27}
  Assets:US:Vanguard:Cash                         -239.99 USD                            

2017-03-27 * "Investing 60% of cash in RGAGX"
  Assets:US:Vanguard:RGAGX                          2.028 RGAGX {177.55 USD, 2017-03-27}
  Assets:US:Vanguard:Cash                         -360.07 USD                            

2017-04-07 * "Employer match for contribution"
  Assets:US:Vanguard:Cash                          600.00 USD
  Income:US:BayBook:Match401k                     -600.00 USD

2017-04-10 * "Investing 40% of cash in VBMPX"
  Assets:US:Vanguard:VBMPX                          3.967 VBMPX {120.99 USD, 2017-04-10}
  Assets:US:Vanguard:Cash                         -479.97 USD                            

2017-04-10 * "Investing 60% of cash in RGAGX"
  Assets:US:Vanguard:RGAGX                          4.037 RGAGX {178.35 USD, 2017-04-10}
  Assets:US:Vanguard:Cash                         -720.00 USD                            

2017-04-10 * "Investing 40% of cash in VBMPX"
  Assets:US:Vanguard:VBMPX                          1.984 VBMPX {120.99 USD, 2017-04-10}
  Assets:US:Vanguard:Cash                         -240.04 USD                            

2017-04-10 * "Investing 60% of cash in RGAGX"
  Assets:US:Vanguard:RGAGX                          2.018 RGAGX {178.35 USD, 2017-04-10}
  Assets:US:Vanguard:Cash                         -359.91 USD                            

2017-04-21 * "Employer match for contribution"
  Assets:US:Vanguard:Cash                          600.00 USD
  Income:US:BayBook:Match401k                     -600.00 USD

2017-04-24 * "Investing 40% of cash in VBMPX"
  Assets:US:Vanguard:VBMPX                          3.947 VBMPX {121.61 USD, 2017-04-24}
  Assets:US:Vanguard:Cash                         -479.99 USD                            

2017-04-24 * "Investing 60% of cash in RGAGX"
  Assets:US:Vanguard:RGAGX                          3.980 RGAGX {180.93 USD, 2017-04-24}
  Assets:US:Vanguard:Cash                         -720.10 USD                            

2017-04-24 * "Investing 40% of cash in VBMPX"
  Assets:US:Vanguard:VBMPX                          1.973 VBMPX {121.61 USD, 2017-04-24}
  Assets:US:Vanguard:Cash                         -239.94 USD                            

2017-04-24 * "Investing 60% of cash in RGAGX"
  Assets:US:Vanguard:RGAGX                          1.989 RGAGX {180.93 USD, 2017-04-24}
  Assets:US:Vanguard:Cash                         -359.87 USD                            

2017-05-05 * "Employer match for contribution"
  Assets:US:Vanguard:Cash                          600.00 USD
  Income:US:BayBook:Match401k                     -600.00 USD

2017-05-08 * "Investing 40% of cash in VBMPX"
  Assets:US:Vanguard:VBMPX                          3.911 VBMPX {122.75 USD, 2017-05-08}
  Assets:US:Vanguard:Cash                         -480.08 USD                            

2017-05-08 * "Investing 60% of cash in RGAGX"
  Assets:US:Vanguard:RGAGX                          3.948 RGAGX {182.37 USD, 2017-05-08}
  Assets:US:Vanguard:Cash                         -720.00 USD                            

2017-05-08 * "Investing 40% of cash in VBMPX"
  Assets:US:Vanguard:VBMPX                          1.955 VBMPX {122.75 USD, 2017-05-08}
  Assets:US:Vanguard:Cash                         -239.98 USD                            

2017-05-08 * "Investing 60% of cash in RGAGX"
  Assets:US:Vanguard:RGAGX                          1.974 RGAGX {182.37 USD, 2017-05-08}
  Assets:US:Vanguard:Cash                         -360.00 USD                            

2017-05-19 * "Employer match for contribution"
  Assets:US:Vanguard:Cash                          600.00 USD
  Income:US:BayBook:Match401k                     -600.00 USD

2017-05-22 * "Investing 40% of cash in VBMPX"
  Assets:US:Vanguard:VBMPX                          3.885 VBMPX {123.56 USD, 2017-05-22}
  Assets:US:Vanguard:Cash                         -480.03 USD                            

2017-05-22 * "Investing 60% of cash in RGAGX"
  Assets:US:Vanguard:RGAGX                          3.920 RGAGX {183.68 USD, 2017-05-22}
  Assets:US:Vanguard:Cash                         -720.03 USD                            

2017-05-22 * "Investing 40% of cash in VBMPX"
  Assets:US:Vanguard:VBMPX                          1.942 VBMPX {123.56 USD, 2017-05-22}
  Assets:US:Vanguard:Cash                         -239.95 USD                            

2017-05-22 * "Investing 60% of cash in RGAGX"
  Assets:US:Vanguard:RGAGX                          1.960 RGAGX {183.68 USD, 2017-05-22}
  Assets:US:Vanguard:Cash                         -360.01 USD                            

2017-06-02 * "Employer match for contribution"
  Assets:US:Vanguard:Cash                          600.00 USD
  Income:US:BayBook:Match401k                     -600.00 USD

2017-06-05 * "Investing 40% of cash in VBMPX"
  Assets:US:Vanguard:VBMPX                          3.854 VBMPX {124.56 USD, 2017-06-05}
  Assets:US:Vanguard:Cash                         -480.05 USD                            

2017-06-05 * "Investing 60% of cash in RGAGX"
  Assets:US:Vanguard:RGAGX                          3.913 RGAGX {183.99 USD, 2017-06-05}
  Assets:US:Vanguard:Cash                         -719.95 USD                            

2017-06-05 * "Investing 40% of cash in VBMPX"
  Assets:US:Vanguard:VBMPX                          1.927 VBMPX {124.56 USD, 2017-06-05}
  Assets:US:Vanguard:Cash                         -240.03 USD                            

2017-06-05 * "Investing 60% of cash in RGAGX"
  Assets:US:Vanguard:RGAGX                          1.957 RGAGX {183.99 USD, 2017-06-05}
  Assets:US:Vanguard:Cash                         -360.07 USD                            

2017-06-16 * "Employer match for contribution"
  Assets:US:Vanguard:Cash                          600.00 USD
  Income:US:BayBook:Match401k                     -600.00 USD

2017-06-19 * "Investing 40% of cash in VBMPX"
  Assets:US:Vanguard:VBMPX                          3.813 VBMPX {125.89 USD, 2017-06-19}
  Assets:US:Vanguard:Cash                         -480.02 USD                            

2017-06-19 * "Investing 60% of cash in RGAGX"
  Assets:US:Vanguard:RGAGX                          3.874 RGAGX {185.83 USD, 2017-06-19}
  Assets:US:Vanguard:Cash                         -719.91 USD                            

2017-06-19 * "Investing 40% of cash in VBMPX"
  Assets:US:Vanguard:VBMPX                          1.906 VBMPX {125.89 USD, 2017-06-19}
  Assets:US:Vanguard:Cash                         -239.95 USD                            

2017-06-19 * "Investing 60% of cash in RGAGX"
  Assets:US:Vanguard:RGAGX                          1.937 RGAGX {185.83 USD, 2017-06-19}
  Assets:US:Vanguard:Cash                         -359.95 USD                            

2017-06-30 * "Employer match for contribution"
  Assets:US:Vanguard:Cash                          600.00 USD
  Income:US:BayBook:Match401k                     -600.00 USD

2017-07-03 * "Investing 40% of cash in VBMPX"
  Assets:US:Vanguard:VBMPX                          3.817 VBMPX {125.75 USD, 2017-07-03}
  Assets:US:Vanguard:Cash                         -479.99 USD                            

2017-07-03 * "Investing 60% of cash in RGAGX"
  Assets:US:Vanguard:RGAGX                          3.871 RGAGX {186.02 USD, 2017-07-03}
  Assets:US:Vanguard:Cash                         -720.08 USD                            

2017-07-03 * "Investing 40% of cash in VBMPX"
  Assets:US:Vanguard:VBMPX                          1.909 VBMPX {125.75 USD, 2017-07-03}
  Assets:US:Vanguard:Cash                         -240.06 USD                            

2017-07-03 * "Investing 60% of cash in RGAGX"
  Assets:US:Vanguard:RGAGX                          1.935 RGAGX {186.02 USD, 2017-07-03}
  Assets:US:Vanguard:Cash                         -359.95 USD                            

2017-07-14 * "Employer match for contribution"
  Assets:US:Vanguard:Cash                          600.00 USD
  Income:US:BayBook:Match401k                     -600.00 USD

2017-07-17 * "Investing 40% of cash in VBMPX"
  Assets:US:Vanguard:VBMPX                          3.931 VBMPX {122.10 USD, 2017-07-17}
  Assets:US:Vanguard:Cash                         -479.98 USD                            

2017-07-17 * "Investing 60% of cash in RGAGX"
  Assets:US:Vanguard:RGAGX                          3.817 RGAGX {188.65 USD, 2017-07-17}
  Assets:US:Vanguard:Cash                         -720.08 USD                            

2017-07-17 * "Investing 40% of cash in VBMPX"
  Assets:US:Vanguard:VBMPX                          1.966 VBMPX {122.10 USD, 2017-07-17}
  Assets:US:Vanguard:Cash                         -240.05 USD                            

2017-07-17 * "Investing 60% of cash in RGAGX"
  Assets:US:Vanguard:RGAGX                          1.908 RGAGX {188.65 USD, 2017-07-17}
  Assets:US:Vanguard:Cash                         -359.94 USD                            

2017-07-28 * "Employer match for contribution"
  Assets:US:Vanguard:Cash                          600.00 USD
  Income:US:BayBook:Match401k                     -600.00 USD

2017-07-31 * "Investing 40% of cash in VBMPX"
  Assets:US:Vanguard:VBMPX                          3.870 VBMPX {124.03 USD, 2017-07-31}
  Assets:US:Vanguard:Cash                         -480.00 USD                            

2017-07-31 * "Investing 60% of cash in RGAGX"
  Assets:US:Vanguard:RGAGX                          3.837 RGAGX {187.66 USD, 2017-07-31}
  Assets:US:Vanguard:Cash                         -720.05 USD                            

2017-07-31 * "Investing 40% of cash in VBMPX"
  Assets:US:Vanguard:VBMPX                          1.935 VBMPX {124.03 USD, 2017-07-31}
  Assets:US:Vanguard:Cash                         -240.00 USD                            

2017-07-31 * "Investing 60% of cash in RGAGX"
  Assets:US:Vanguard:RGAGX                          1.918 RGAGX {187.66 USD, 2017-07-31}
  Assets:US:Vanguard:Cash                         -359.93 USD                            

2017-08-11 * "Employer match for contribution"
  Assets:US:Vanguard:Cash                          250.00 USD
  Income:US:BayBook:Match401k                     -250.00 USD

2017-08-14 * "Investing 40% of cash in VBMPX"
  Assets:US:Vanguard:VBMPX                          1.591 VBMPX {125.68 USD, 2017-08-14}
  Assets:US:Vanguard:Cash                         -199.96 USD                            

2017-08-14 * "Investing 60% of cash in RGAGX"
  Assets:US:Vanguard:RGAGX                          1.585 RGAGX {189.29 USD, 2017-08-14}
  Assets:US:Vanguard:Cash                         -300.02 USD                            

2017-08-14 * "Investing 40% of cash in VBMPX"
  Assets:US:Vanguard:VBMPX                          0.796 VBMPX {125.68 USD, 2017-08-14}
  Assets:US:Vanguard:Cash                         -100.04 USD                            

2017-08-14 * "Investing 60% of cash in RGAGX"
  Assets:US:Vanguard:RGAGX                          0.792 RGAGX {189.29 USD, 2017-08-14}
  Assets:US:Vanguard:Cash                         -149.92 USD                            



* Sources of Income

2015-01-01 open Income:US:BayBook:Salary                      USD
2015-01-01 open Income:US:BayBook:GroupTermLife               USD
2015-01-01 open Income:US:BayBook:Vacation                    VACHR
2015-01-01 open Assets:US:BayBook:Vacation                    VACHR
2015-01-01 open Expenses:Vacation                               VACHR
2015-01-01 open Expenses:Health:Life:GroupTermLife
2015-01-01 open Expenses:Health:Medical:Insurance
2015-01-01 open Expenses:Health:Dental:Insurance
2015-01-01 open Expenses:Health:Vision:Insurance

2015-01-01 * "BayBook" "Payroll"
  Assets:US:BofA:Checking                         1350.60 USD   
  Assets:US:Vanguard:Cash                         1200.00 USD   
  Income:US:BayBook:Salary                       -4615.38 USD   
  Income:US:BayBook:GroupTermLife                  -24.32 USD   
  Expenses:Health:Life:GroupTermLife                24.32 USD   
  Expenses:Health:Dental:Insurance                   2.90 USD   
  Expenses:Health:Medical:Insurance                 27.38 USD   
  Expenses:Health:Vision:Insurance                  42.30 USD   
  Expenses:Taxes:Y2015:US:Medicare                 106.62 USD   
  Expenses:Taxes:Y2015:US:Federal                 1062.92 USD   
  Expenses:Taxes:Y2015:US:State                    365.08 USD   
  Expenses:Taxes:Y2015:US:CityNYC                  174.92 USD   
  Expenses:Taxes:Y2015:US:SDI                        1.12 USD   
  Expenses:Taxes:Y2015:US:SocSec                   281.54 USD   
  Assets:US:Federal:PreTax401k                   -1200.00 IRAUSD
  Expenses:Taxes:Y2015:US:Federal:PreTax401k      1200.00 IRAUSD
  Assets:US:BayBook:Vacation                            5 VACHR 
  Income:US:BayBook:Vacation                           -5 VACHR 

2015-01-01 event "employer" "BayBook, 1501 Billow Rd, Benlo Park, CA"

2015-01-15 * "BayBook" "Payroll"
  Assets:US:BofA:Checking                         1350.60 USD   
  Assets:US:Vanguard:Cash                         1200.00 USD   
  Income:US:BayBook:Salary                       -4615.38 USD   
  Income:US:BayBook:GroupTermLife                  -24.32 USD   
  Expenses:Health:Life:GroupTermLife                24.32 USD   
  Expenses:Health:Dental:Insurance                   2.90 USD   
  Expenses:Health:Medical:Insurance                 27.38 USD   
  Expenses:Health:Vision:Insurance                  42.30 USD   
  Expenses:Taxes:Y2015:US:Medicare                 106.62 USD   
  Expenses:Taxes:Y2015:US:Federal                 1062.92 USD   
  Expenses:Taxes:Y2015:US:State                    365.08 USD   
  Expenses:Taxes:Y2015:US:CityNYC                  174.92 USD   
  Expenses:Taxes:Y2015:US:SDI                        1.12 USD   
  Expenses:Taxes:Y2015:US:SocSec                   281.54 USD   
  Assets:US:Federal:PreTax401k                   -1200.00 IRAUSD
  Expenses:Taxes:Y2015:US:Federal:PreTax401k      1200.00 IRAUSD
  Assets:US:BayBook:Vacation                            5 VACHR 
  Income:US:BayBook:Vacation                           -5 VACHR 

2015-01-29 * "BayBook" "Payroll"
  Assets:US:BofA:Checking                         1350.60 USD   
  Assets:US:Vanguard:Cash                         1200.00 USD   
  Income:US:BayBook:Salary                       -4615.38 USD   
  Income:US:BayBook:GroupTermLife                  -24.32 USD   
  Expenses:Health:Life:GroupTermLife                24.32 USD   
  Expenses:Health:Dental:Insurance                   2.90 USD   
  Expenses:Health:Medical:Insurance                 27.38 USD   
  Expenses:Health:Vision:Insurance                  42.30 USD   
  Expenses:Taxes:Y2015:US:Medicare                 106.62 USD   
  Expenses:Taxes:Y2015:US:Federal                 1062.92 USD   
  Expenses:Taxes:Y2015:US:State                    365.08 USD   
  Expenses:Taxes:Y2015:US:CityNYC                  174.92 USD   
  Expenses:Taxes:Y2015:US:SDI                        1.12 USD   
  Expenses:Taxes:Y2015:US:SocSec                   281.54 USD   
  Assets:US:Federal:PreTax401k                   -1200.00 IRAUSD
  Expenses:Taxes:Y2015:US:Federal:PreTax401k      1200.00 IRAUSD
  Assets:US:BayBook:Vacation                            5 VACHR 
  Income:US:BayBook:Vacation                           -5 VACHR 

2015-02-12 * "BayBook" "Payroll"
  Assets:US:BofA:Checking                         1350.60 USD   
  Assets:US:Vanguard:Cash                         1200.00 USD   
  Income:US:BayBook:Salary                       -4615.38 USD   
  Income:US:BayBook:GroupTermLife                  -24.32 USD   
  Expenses:Health:Life:GroupTermLife                24.32 USD   
  Expenses:Health:Dental:Insurance                   2.90 USD   
  Expenses:Health:Medical:Insurance                 27.38 USD   
  Expenses:Health:Vision:Insurance                  42.30 USD   
  Expenses:Taxes:Y2015:US:Medicare                 106.62 USD   
  Expenses:Taxes:Y2015:US:Federal                 1062.92 USD   
  Expenses:Taxes:Y2015:US:State                    365.08 USD   
  Expenses:Taxes:Y2015:US:CityNYC                  174.92 USD   
  Expenses:Taxes:Y2015:US:SDI                        1.12 USD   
  Expenses:Taxes:Y2015:US:SocSec                   281.54 USD   
  Assets:US:Federal:PreTax401k                   -1200.00 IRAUSD
  Expenses:Taxes:Y2015:US:Federal:PreTax401k      1200.00 IRAUSD
  Assets:US:BayBook:Vacation                            5 VACHR 
  Income:US:BayBook:Vacation                           -5 VACHR 

2015-02-26 * "BayBook" "Payroll"
  Assets:US:BofA:Checking                         1350.60 USD   
  Assets:US:Vanguard:Cash                         1200.00 USD   
  Income:US:BayBook:Salary                       -4615.38 USD   
  Income:US:BayBook:GroupTermLife                  -24.32 USD   
  Expenses:Health:Life:GroupTermLife                24.32 USD   
  Expenses:Health:Dental:Insurance                   2.90 USD   
  Expenses:Health:Medical:Insurance                 27.38 USD   
  Expenses:Health:Vision:Insurance                  42.30 USD   
  Expenses:Taxes:Y2015:US:Medicare                 106.62 USD   
  Expenses:Taxes:Y2015:US:Federal                 1062.92 USD   
  Expenses:Taxes:Y2015:US:State                    365.08 USD   
  Expenses:Taxes:Y2015:US:CityNYC                  174.92 USD   
  Expenses:Taxes:Y2015:US:SDI                        1.12 USD   
  Expenses:Taxes:Y2015:US:SocSec                   281.54 USD   
  Assets:US:Federal:PreTax401k                   -1200.00 IRAUSD
  Expenses:Taxes:Y2015:US:Federal:PreTax401k      1200.00 IRAUSD
  Assets:US:BayBook:Vacation                            5 VACHR 
  Income:US:BayBook:Vacation                           -5 VACHR 

2015-03-12 * "BayBook" "Payroll"
  Assets:US:BofA:Checking                         1350.60 USD   
  Assets:US:Vanguard:Cash                         1200.00 USD   
  Income:US:BayBook:Salary                       -4615.38 USD   
  Income:US:BayBook:GroupTermLife                  -24.32 USD   
  Expenses:Health:Life:GroupTermLife                24.32 USD   
  Expenses:Health:Dental:Insurance                   2.90 USD   
  Expenses:Health:Medical:Insurance                 27.38 USD   
  Expenses:Health:Vision:Insurance                  42.30 USD   
  Expenses:Taxes:Y2015:US:Medicare                 106.62 USD   
  Expenses:Taxes:Y2015:US:Federal                 1062.92 USD   
  Expenses:Taxes:Y2015:US:State                    365.08 USD   
  Expenses:Taxes:Y2015:US:CityNYC                  174.92 USD   
  Expenses:Taxes:Y2015:US:SDI                        1.12 USD   
  Expenses:Taxes:Y2015:US:SocSec                   281.54 USD   
  Assets:US:Federal:PreTax401k                   -1200.00 IRAUSD
  Expenses:Taxes:Y2015:US:Federal:PreTax401k      1200.00 IRAUSD
  Assets:US:BayBook:Vacation                            5 VACHR 
  Income:US:BayBook:Vacation                           -5 VACHR 

2015-03-26 * "BayBook" "Payroll"
  Assets:US:BofA:Checking                         1350.60 USD   
  Assets:US:Vanguard:Cash                         1200.00 USD   
  Income:US:BayBook:Salary                       -4615.38 USD   
  Income:US:BayBook:GroupTermLife                  -24.32 USD   
  Expenses:Health:Life:GroupTermLife                24.32 USD   
  Expenses:Health:Dental:Insurance                   2.90 USD   
  Expenses:Health:Medical:Insurance                 27.38 USD   
  Expenses:Health:Vision:Insurance                  42.30 USD   
  Expenses:Taxes:Y2015:US:Medicare                 106.62 USD   
  Expenses:Taxes:Y2015:US:Federal                 1062.92 USD   
  Expenses:Taxes:Y2015:US:State                    365.08 USD   
  Expenses:Taxes:Y2015:US:CityNYC                  174.92 USD   
  Expenses:Taxes:Y2015:US:SDI                        1.12 USD   
  Expenses:Taxes:Y2015:US:SocSec                   281.54 USD   
  Assets:US:Federal:PreTax401k                   -1200.00 IRAUSD
  Expenses:Taxes:Y2015:US:Federal:PreTax401k      1200.00 IRAUSD
  Assets:US:BayBook:Vacation                            5 VACHR 
  Income:US:BayBook:Vacation                           -5 VACHR 

2015-04-09 * "BayBook" "Payroll"
  Assets:US:BofA:Checking                         1350.60 USD   
  Assets:US:Vanguard:Cash                         1200.00 USD   
  Income:US:BayBook:Salary                       -4615.38 USD   
  Income:US:BayBook:GroupTermLife                  -24.32 USD   
  Expenses:Health:Life:GroupTermLife                24.32 USD   
  Expenses:Health:Dental:Insurance                   2.90 USD   
  Expenses:Health:Medical:Insurance                 27.38 USD   
  Expenses:Health:Vision:Insurance                  42.30 USD   
  Expenses:Taxes:Y2015:US:Medicare                 106.62 USD   
  Expenses:Taxes:Y2015:US:Federal                 1062.92 USD   
  Expenses:Taxes:Y2015:US:State                    365.08 USD   
  Expenses:Taxes:Y2015:US:CityNYC                  174.92 USD   
  Expenses:Taxes:Y2015:US:SDI                        1.12 USD   
  Expenses:Taxes:Y2015:US:SocSec                   281.54 USD   
  Assets:US:Federal:PreTax401k                   -1200.00 IRAUSD
  Expenses:Taxes:Y2015:US:Federal:PreTax401k      1200.00 IRAUSD
  Assets:US:BayBook:Vacation                            5 VACHR 
  Income:US:BayBook:Vacation                           -5 VACHR 

2015-04-23 * "BayBook" "Payroll"
  Assets:US:BofA:Checking                         1350.60 USD   
  Assets:US:Vanguard:Cash                         1200.00 USD   
  Income:US:BayBook:Salary                       -4615.38 USD   
  Income:US:BayBook:GroupTermLife                  -24.32 USD   
  Expenses:Health:Life:GroupTermLife                24.32 USD   
  Expenses:Health:Dental:Insurance                   2.90 USD   
  Expenses:Health:Medical:Insurance                 27.38 USD   
  Expenses:Health:Vision:Insurance                  42.30 USD   
  Expenses:Taxes:Y2015:US:Medicare                 106.62 USD   
  Expenses:Taxes:Y2015:US:Federal                 1062.92 USD   
  Expenses:Taxes:Y2015:US:State                    365.08 USD   
  Expenses:Taxes:Y2015:US:CityNYC                  174.92 USD   
  Expenses:Taxes:Y2015:US:SDI                        1.12 USD   
  Expenses:Taxes:Y2015:US:SocSec                   281.54 USD   
  Assets:US:Federal:PreTax401k                   -1200.00 IRAUSD
  Expenses:Taxes:Y2015:US:Federal:PreTax401k      1200.00 IRAUSD
  Assets:US:BayBook:Vacation                            5 VACHR 
  Income:US:BayBook:Vacation                           -5 VACHR 

2015-05-07 * "BayBook" "Payroll"
  Assets:US:BofA:Checking                         1350.60 USD   
  Assets:US:Vanguard:Cash                         1200.00 USD   
  Income:US:BayBook:Salary                       -4615.38 USD   
  Income:US:BayBook:GroupTermLife                  -24.32 USD   
  Expenses:Health:Life:GroupTermLife                24.32 USD   
  Expenses:Health:Dental:Insurance                   2.90 USD   
  Expenses:Health:Medical:Insurance                 27.38 USD   
  Expenses:Health:Vision:Insurance                  42.30 USD   
  Expenses:Taxes:Y2015:US:Medicare                 106.62 USD   
  Expenses:Taxes:Y2015:US:Federal                 1062.92 USD   
  Expenses:Taxes:Y2015:US:State                    365.08 USD   
  Expenses:Taxes:Y2015:US:CityNYC                  174.92 USD   
  Expenses:Taxes:Y2015:US:SDI                        1.12 USD   
  Expenses:Taxes:Y2015:US:SocSec                   281.54 USD   
  Assets:US:Federal:PreTax401k                   -1200.00 IRAUSD
  Expenses:Taxes:Y2015:US:Federal:PreTax401k      1200.00 IRAUSD
  Assets:US:BayBook:Vacation                            5 VACHR 
  Income:US:BayBook:Vacation                           -5 VACHR 

2015-05-21 * "BayBook" "Payroll"
  Assets:US:BofA:Checking                         1350.60 USD   
  Assets:US:Vanguard:Cash                         1200.00 USD   
  Income:US:BayBook:Salary                       -4615.38 USD   
  Income:US:BayBook:GroupTermLife                  -24.32 USD   
  Expenses:Health:Life:GroupTermLife                24.32 USD   
  Expenses:Health:Dental:Insurance                   2.90 USD   
  Expenses:Health:Medical:Insurance                 27.38 USD   
  Expenses:Health:Vision:Insurance                  42.30 USD   
  Expenses:Taxes:Y2015:US:Medicare                 106.62 USD   
  Expenses:Taxes:Y2015:US:Federal                 1062.92 USD   
  Expenses:Taxes:Y2015:US:State                    365.08 USD   
  Expenses:Taxes:Y2015:US:CityNYC                  174.92 USD   
  Expenses:Taxes:Y2015:US:SDI                        1.12 USD   
  Expenses:Taxes:Y2015:US:SocSec                   281.54 USD   
  Assets:US:Federal:PreTax401k                   -1200.00 IRAUSD
  Expenses:Taxes:Y2015:US:Federal:PreTax401k      1200.00 IRAUSD
  Assets:US:BayBook:Vacation                            5 VACHR 
  Income:US:BayBook:Vacation                           -5 VACHR 

2015-06-04 * "BayBook" "Payroll"
  Assets:US:BofA:Checking                         1350.60 USD   
  Assets:US:Vanguard:Cash                         1200.00 USD   
  Income:US:BayBook:Salary                       -4615.38 USD   
  Income:US:BayBook:GroupTermLife                  -24.32 USD   
  Expenses:Health:Life:GroupTermLife                24.32 USD   
  Expenses:Health:Dental:Insurance                   2.90 USD   
  Expenses:Health:Medical:Insurance                 27.38 USD   
  Expenses:Health:Vision:Insurance                  42.30 USD   
  Expenses:Taxes:Y2015:US:Medicare                 106.62 USD   
  Expenses:Taxes:Y2015:US:Federal                 1062.92 USD   
  Expenses:Taxes:Y2015:US:State                    365.08 USD   
  Expenses:Taxes:Y2015:US:CityNYC                  174.92 USD   
  Expenses:Taxes:Y2015:US:SDI                        1.12 USD   
  Expenses:Taxes:Y2015:US:SocSec                   281.54 USD   
  Assets:US:Federal:PreTax401k                   -1200.00 IRAUSD
  Expenses:Taxes:Y2015:US:Federal:PreTax401k      1200.00 IRAUSD
  Assets:US:BayBook:Vacation                            5 VACHR 
  Income:US:BayBook:Vacation                           -5 VACHR 

2015-06-18 * "BayBook" "Payroll"
  Assets:US:BofA:Checking                         1350.60 USD   
  Assets:US:Vanguard:Cash                         1200.00 USD   
  Income:US:BayBook:Salary                       -4615.38 USD   
  Income:US:BayBook:GroupTermLife                  -24.32 USD   
  Expenses:Health:Life:GroupTermLife                24.32 USD   
  Expenses:Health:Dental:Insurance                   2.90 USD   
  Expenses:Health:Medical:Insurance                 27.38 USD   
  Expenses:Health:Vision:Insurance                  42.30 USD   
  Expenses:Taxes:Y2015:US:Medicare                 106.62 USD   
  Expenses:Taxes:Y2015:US:Federal                 1062.92 USD   
  Expenses:Taxes:Y2015:US:State                    365.08 USD   
  Expenses:Taxes:Y2015:US:CityNYC                  174.92 USD   
  Expenses:Taxes:Y2015:US:SDI                        1.12 USD   
  Expenses:Taxes:Y2015:US:SocSec                   281.54 USD   
  Assets:US:Federal:PreTax401k                   -1200.00 IRAUSD
  Expenses:Taxes:Y2015:US:Federal:PreTax401k      1200.00 IRAUSD
  Assets:US:BayBook:Vacation                            5 VACHR 
  Income:US:BayBook:Vacation                           -5 VACHR 

2015-07-02 * "BayBook" "Payroll"
  Assets:US:BofA:Checking                         1350.60 USD   
  Assets:US:Vanguard:Cash                         1200.00 USD   
  Income:US:BayBook:Salary                       -4615.38 USD   
  Income:US:BayBook:GroupTermLife                  -24.32 USD   
  Expenses:Health:Life:GroupTermLife                24.32 USD   
  Expenses:Health:Dental:Insurance                   2.90 USD   
  Expenses:Health:Medical:Insurance                 27.38 USD   
  Expenses:Health:Vision:Insurance                  42.30 USD   
  Expenses:Taxes:Y2015:US:Medicare                 106.62 USD   
  Expenses:Taxes:Y2015:US:Federal                 1062.92 USD   
  Expenses:Taxes:Y2015:US:State                    365.08 USD   
  Expenses:Taxes:Y2015:US:CityNYC                  174.92 USD   
  Expenses:Taxes:Y2015:US:SDI                        1.12 USD   
  Expenses:Taxes:Y2015:US:SocSec                   281.54 USD   
  Assets:US:Federal:PreTax401k                   -1200.00 IRAUSD
  Expenses:Taxes:Y2015:US:Federal:PreTax401k      1200.00 IRAUSD
  Assets:US:BayBook:Vacation                            5 VACHR 
  Income:US:BayBook:Vacation                           -5 VACHR 

2015-07-16 * "BayBook" "Payroll"
  Assets:US:BofA:Checking                         1350.60 USD   
  Assets:US:Vanguard:Cash                         1200.00 USD   
  Income:US:BayBook:Salary                       -4615.38 USD   
  Income:US:BayBook:GroupTermLife                  -24.32 USD   
  Expenses:Health:Life:GroupTermLife                24.32 USD   
  Expenses:Health:Dental:Insurance                   2.90 USD   
  Expenses:Health:Medical:Insurance                 27.38 USD   
  Expenses:Health:Vision:Insurance                  42.30 USD   
  Expenses:Taxes:Y2015:US:Medicare                 106.62 USD   
  Expenses:Taxes:Y2015:US:Federal                 1062.92 USD   
  Expenses:Taxes:Y2015:US:State                    365.08 USD   
  Expenses:Taxes:Y2015:US:CityNYC                  174.92 USD   
  Expenses:Taxes:Y2015:US:SDI                        1.12 USD   
  Expenses:Taxes:Y2015:US:SocSec                   281.54 USD   
  Assets:US:Federal:PreTax401k                   -1200.00 IRAUSD
  Expenses:Taxes:Y2015:US:Federal:PreTax401k      1200.00 IRAUSD
  Assets:US:BayBook:Vacation                            5 VACHR 
  Income:US:BayBook:Vacation                           -5 VACHR 

2015-07-30 * "BayBook" "Payroll"
  Assets:US:BofA:Checking                         2550.60 USD   
  Income:US:BayBook:Salary                       -4615.38 USD   
  Income:US:BayBook:GroupTermLife                  -24.32 USD   
  Expenses:Health:Life:GroupTermLife                24.32 USD   
  Expenses:Health:Dental:Insurance                   2.90 USD   
  Expenses:Health:Medical:Insurance                 27.38 USD   
  Expenses:Health:Vision:Insurance                  42.30 USD   
  Expenses:Taxes:Y2015:US:Medicare                 106.62 USD   
  Expenses:Taxes:Y2015:US:Federal                 1062.92 USD   
  Expenses:Taxes:Y2015:US:State                    365.08 USD   
  Expenses:Taxes:Y2015:US:CityNYC                  174.92 USD   
  Expenses:Taxes:Y2015:US:SDI                        1.12 USD   
  Expenses:Taxes:Y2015:US:SocSec                   281.54 USD   
  Assets:US:Federal:PreTax401k                       0.00 IRAUSD
  Assets:US:BayBook:Vacation                            5 VACHR 
  Income:US:BayBook:Vacation                           -5 VACHR 

2015-08-13 * "BayBook" "Payroll"
  Assets:US:BofA:Checking                         2550.60 USD   
  Income:US:BayBook:Salary                       -4615.38 USD   
  Income:US:BayBook:GroupTermLife                  -24.32 USD   
  Expenses:Health:Life:GroupTermLife                24.32 USD   
  Expenses:Health:Dental:Insurance                   2.90 USD   
  Expenses:Health:Medical:Insurance                 27.38 USD   
  Expenses:Health:Vision:Insurance                  42.30 USD   
  Expenses:Taxes:Y2015:US:Medicare                 106.62 USD   
  Expenses:Taxes:Y2015:US:Federal                 1062.92 USD   
  Expenses:Taxes:Y2015:US:State                    365.08 USD   
  Expenses:Taxes:Y2015:US:CityNYC                  174.92 USD   
  Expenses:Taxes:Y2015:US:SDI                        1.12 USD   
  Expenses:Taxes:Y2015:US:SocSec                   281.54 USD   
  Assets:US:Federal:PreTax401k                       0.00 IRAUSD
  Assets:US:BayBook:Vacation                            5 VACHR 
  Income:US:BayBook:Vacation                           -5 VACHR 

2015-08-27 * "BayBook" "Payroll"
  Assets:US:BofA:Checking                         2550.60 USD   
  Income:US:BayBook:Salary                       -4615.38 USD   
  Income:US:BayBook:GroupTermLife                  -24.32 USD   
  Expenses:Health:Life:GroupTermLife                24.32 USD   
  Expenses:Health:Dental:Insurance                   2.90 USD   
  Expenses:Health:Medical:Insurance                 27.38 USD   
  Expenses:Health:Vision:Insurance                  42.30 USD   
  Expenses:Taxes:Y2015:US:Medicare                 106.62 USD   
  Expenses:Taxes:Y2015:US:Federal                 1062.92 USD   
  Expenses:Taxes:Y2015:US:State                    365.08 USD   
  Expenses:Taxes:Y2015:US:CityNYC                  174.92 USD   
  Expenses:Taxes:Y2015:US:SDI                        1.12 USD   
  Expenses:Taxes:Y2015:US:SocSec                   281.54 USD   
  Assets:US:Federal:PreTax401k                       0.00 IRAUSD
  Assets:US:BayBook:Vacation                            5 VACHR 
  Income:US:BayBook:Vacation                           -5 VACHR 

2015-09-10 * "BayBook" "Payroll"
  Assets:US:BofA:Checking                         2550.60 USD   
  Income:US:BayBook:Salary                       -4615.38 USD   
  Income:US:BayBook:GroupTermLife                  -24.32 USD   
  Expenses:Health:Life:GroupTermLife                24.32 USD   
  Expenses:Health:Dental:Insurance                   2.90 USD   
  Expenses:Health:Medical:Insurance                 27.38 USD   
  Expenses:Health:Vision:Insurance                  42.30 USD   
  Expenses:Taxes:Y2015:US:Medicare                 106.62 USD   
  Expenses:Taxes:Y2015:US:Federal                 1062.92 USD   
  Expenses:Taxes:Y2015:US:State                    365.08 USD   
  Expenses:Taxes:Y2015:US:CityNYC                  174.92 USD   
  Expenses:Taxes:Y2015:US:SDI                        1.12 USD   
  Expenses:Taxes:Y2015:US:SocSec                   281.54 USD   
  Assets:US:Federal:PreTax401k                       0.00 IRAUSD
  Assets:US:BayBook:Vacation                            5 VACHR 
  Income:US:BayBook:Vacation                           -5 VACHR 

2015-09-24 * "BayBook" "Payroll"
  Assets:US:BofA:Checking                         2550.60 USD   
  Income:US:BayBook:Salary                       -4615.38 USD   
  Income:US:BayBook:GroupTermLife                  -24.32 USD   
  Expenses:Health:Life:GroupTermLife                24.32 USD   
  Expenses:Health:Dental:Insurance                   2.90 USD   
  Expenses:Health:Medical:Insurance                 27.38 USD   
  Expenses:Health:Vision:Insurance                  42.30 USD   
  Expenses:Taxes:Y2015:US:Medicare                 106.62 USD   
  Expenses:Taxes:Y2015:US:Federal                 1062.92 USD   
  Expenses:Taxes:Y2015:US:State                    365.08 USD   
  Expenses:Taxes:Y2015:US:CityNYC                  174.92 USD   
  Expenses:Taxes:Y2015:US:SDI                        1.12 USD   
  Expenses:Taxes:Y2015:US:SocSec                   281.54 USD   
  Assets:US:Federal:PreTax401k                       0.00 IRAUSD
  Assets:US:BayBook:Vacation                            5 VACHR 
  Income:US:BayBook:Vacation                           -5 VACHR 

2015-10-08 * "BayBook" "Payroll"
  Assets:US:BofA:Checking                         2550.60 USD   
  Income:US:BayBook:Salary                       -4615.38 USD   
  Income:US:BayBook:GroupTermLife                  -24.32 USD   
  Expenses:Health:Life:GroupTermLife                24.32 USD   
  Expenses:Health:Dental:Insurance                   2.90 USD   
  Expenses:Health:Medical:Insurance                 27.38 USD   
  Expenses:Health:Vision:Insurance                  42.30 USD   
  Expenses:Taxes:Y2015:US:Medicare                 106.62 USD   
  Expenses:Taxes:Y2015:US:Federal                 1062.92 USD   
  Expenses:Taxes:Y2015:US:State                    365.08 USD   
  Expenses:Taxes:Y2015:US:CityNYC                  174.92 USD   
  Expenses:Taxes:Y2015:US:SDI                        1.12 USD   
  Expenses:Taxes:Y2015:US:SocSec                   281.54 USD   
  Assets:US:Federal:PreTax401k                       0.00 IRAUSD
  Assets:US:BayBook:Vacation                            5 VACHR 
  Income:US:BayBook:Vacation                           -5 VACHR 

2015-10-22 * "BayBook" "Payroll"
  Assets:US:BofA:Checking                         2550.60 USD   
  Income:US:BayBook:Salary                       -4615.38 USD   
  Income:US:BayBook:GroupTermLife                  -24.32 USD   
  Expenses:Health:Life:GroupTermLife                24.32 USD   
  Expenses:Health:Dental:Insurance                   2.90 USD   
  Expenses:Health:Medical:Insurance                 27.38 USD   
  Expenses:Health:Vision:Insurance                  42.30 USD   
  Expenses:Taxes:Y2015:US:Medicare                 106.62 USD   
  Expenses:Taxes:Y2015:US:Federal                 1062.92 USD   
  Expenses:Taxes:Y2015:US:State                    365.08 USD   
  Expenses:Taxes:Y2015:US:CityNYC                  174.92 USD   
  Expenses:Taxes:Y2015:US:SDI                        1.12 USD   
  Expenses:Taxes:Y2015:US:SocSec                   281.54 USD   
  Assets:US:Federal:PreTax401k                       0.00 IRAUSD
  Assets:US:BayBook:Vacation                            5 VACHR 
  Income:US:BayBook:Vacation                           -5 VACHR 

2015-11-05 * "BayBook" "Payroll"
  Assets:US:BofA:Checking                         2550.60 USD   
  Income:US:BayBook:Salary                       -4615.38 USD   
  Income:US:BayBook:GroupTermLife                  -24.32 USD   
  Expenses:Health:Life:GroupTermLife                24.32 USD   
  Expenses:Health:Dental:Insurance                   2.90 USD   
  Expenses:Health:Medical:Insurance                 27.38 USD   
  Expenses:Health:Vision:Insurance                  42.30 USD   
  Expenses:Taxes:Y2015:US:Medicare                 106.62 USD   
  Expenses:Taxes:Y2015:US:Federal                 1062.92 USD   
  Expenses:Taxes:Y2015:US:State                    365.08 USD   
  Expenses:Taxes:Y2015:US:CityNYC                  174.92 USD   
  Expenses:Taxes:Y2015:US:SDI                        1.12 USD   
  Expenses:Taxes:Y2015:US:SocSec                   281.54 USD   
  Assets:US:Federal:PreTax401k                       0.00 IRAUSD
  Assets:US:BayBook:Vacation                            5 VACHR 
  Income:US:BayBook:Vacation                           -5 VACHR 

2015-11-19 * "BayBook" "Payroll"
  Assets:US:BofA:Checking                         2550.60 USD   
  Income:US:BayBook:Salary                       -4615.38 USD   
  Income:US:BayBook:GroupTermLife                  -24.32 USD   
  Expenses:Health:Life:GroupTermLife                24.32 USD   
  Expenses:Health:Dental:Insurance                   2.90 USD   
  Expenses:Health:Medical:Insurance                 27.38 USD   
  Expenses:Health:Vision:Insurance                  42.30 USD   
  Expenses:Taxes:Y2015:US:Medicare                 106.62 USD   
  Expenses:Taxes:Y2015:US:Federal                 1062.92 USD   
  Expenses:Taxes:Y2015:US:State                    365.08 USD   
  Expenses:Taxes:Y2015:US:CityNYC                  174.92 USD   
  Expenses:Taxes:Y2015:US:SDI                        1.12 USD   
  Expenses:Taxes:Y2015:US:SocSec                   281.54 USD   
  Assets:US:Federal:PreTax401k                       0.00 IRAUSD
  Assets:US:BayBook:Vacation                            5 VACHR 
  Income:US:BayBook:Vacation                           -5 VACHR 

2015-12-03 * "BayBook" "Payroll"
  Assets:US:BofA:Checking                         2589.06 USD   
  Income:US:BayBook:Salary                       -4615.38 USD   
  Income:US:BayBook:GroupTermLife                  -24.32 USD   
  Expenses:Health:Life:GroupTermLife                24.32 USD   
  Expenses:Health:Dental:Insurance                   2.90 USD   
  Expenses:Health:Medical:Insurance                 27.38 USD   
  Expenses:Health:Vision:Insurance                  42.30 USD   
  Expenses:Taxes:Y2015:US:Medicare                 106.62 USD   
  Expenses:Taxes:Y2015:US:Federal                 1062.92 USD   
  Expenses:Taxes:Y2015:US:State                    365.08 USD   
  Expenses:Taxes:Y2015:US:CityNYC                  174.92 USD   
  Expenses:Taxes:Y2015:US:SDI                        1.12 USD   
  Expenses:Taxes:Y2015:US:SocSec                   243.08 USD   
  Assets:US:Federal:PreTax401k                       0.00 IRAUSD
  Assets:US:BayBook:Vacation                            5 VACHR 
  Income:US:BayBook:Vacation                           -5 VACHR 

2015-12-17 * "BayBook" "Payroll"
  Assets:US:BofA:Checking                         2832.14 USD   
  Income:US:BayBook:Salary                       -4615.38 USD   
  Income:US:BayBook:GroupTermLife                  -24.32 USD   
  Expenses:Health:Life:GroupTermLife                24.32 USD   
  Expenses:Health:Dental:Insurance                   2.90 USD   
  Expenses:Health:Medical:Insurance                 27.38 USD   
  Expenses:Health:Vision:Insurance                  42.30 USD   
  Expenses:Taxes:Y2015:US:Medicare                 106.62 USD   
  Expenses:Taxes:Y2015:US:Federal                 1062.92 USD   
  Expenses:Taxes:Y2015:US:State                    365.08 USD   
  Expenses:Taxes:Y2015:US:CityNYC                  174.92 USD   
  Expenses:Taxes:Y2015:US:SDI                        1.12 USD   
  Expenses:Taxes:Y2015:US:SocSec                     0.00 USD   
  Assets:US:Federal:PreTax401k                       0.00 IRAUSD
  Assets:US:BayBook:Vacation                            5 VACHR 
  Income:US:BayBook:Vacation                           -5 VACHR 

2015-12-31 * "BayBook" "Payroll"
  Assets:US:BofA:Checking                         2832.14 USD   
  Income:US:BayBook:Salary                       -4615.38 USD   
  Income:US:BayBook:GroupTermLife                  -24.32 USD   
  Expenses:Health:Life:GroupTermLife                24.32 USD   
  Expenses:Health:Dental:Insurance                   2.90 USD   
  Expenses:Health:Medical:Insurance                 27.38 USD   
  Expenses:Health:Vision:Insurance                  42.30 USD   
  Expenses:Taxes:Y2015:US:Medicare                 106.62 USD   
  Expenses:Taxes:Y2015:US:Federal                 1062.92 USD   
  Expenses:Taxes:Y2015:US:State                    365.08 USD   
  Expenses:Taxes:Y2015:US:CityNYC                  174.92 USD   
  Expenses:Taxes:Y2015:US:SDI                        1.12 USD   
  Expenses:Taxes:Y2015:US:SocSec                     0.00 USD   
  Assets:US:Federal:PreTax401k                       0.00 IRAUSD
  Assets:US:BayBook:Vacation                            5 VACHR 
  Income:US:BayBook:Vacation                           -5 VACHR 

2016-01-14 * "BayBook" "Payroll"
  Assets:US:BofA:Checking                         1350.60 USD   
  Assets:US:Vanguard:Cash                         1200.00 USD   
  Income:US:BayBook:Salary                       -4615.38 USD   
  Income:US:BayBook:GroupTermLife                  -24.32 USD   
  Expenses:Health:Life:GroupTermLife                24.32 USD   
  Expenses:Health:Dental:Insurance                   2.90 USD   
  Expenses:Health:Medical:Insurance                 27.38 USD   
  Expenses:Health:Vision:Insurance                  42.30 USD   
  Expenses:Taxes:Y2016:US:Medicare                 106.62 USD   
  Expenses:Taxes:Y2016:US:Federal                 1062.92 USD   
  Expenses:Taxes:Y2016:US:State                    365.08 USD   
  Expenses:Taxes:Y2016:US:CityNYC                  174.92 USD   
  Expenses:Taxes:Y2016:US:SDI                        1.12 USD   
  Expenses:Taxes:Y2016:US:SocSec                   281.54 USD   
  Assets:US:Federal:PreTax401k                   -1200.00 IRAUSD
  Expenses:Taxes:Y2016:US:Federal:PreTax401k      1200.00 IRAUSD
  Assets:US:BayBook:Vacation                            5 VACHR 
  Income:US:BayBook:Vacation                           -5 VACHR 

2016-01-28 * "BayBook" "Payroll"
  Assets:US:BofA:Checking                         1350.60 USD   
  Assets:US:Vanguard:Cash                         1200.00 USD   
  Income:US:BayBook:Salary                       -4615.38 USD   
  Income:US:BayBook:GroupTermLife                  -24.32 USD   
  Expenses:Health:Life:GroupTermLife                24.32 USD   
  Expenses:Health:Dental:Insurance                   2.90 USD   
  Expenses:Health:Medical:Insurance                 27.38 USD   
  Expenses:Health:Vision:Insurance                  42.30 USD   
  Expenses:Taxes:Y2016:US:Medicare                 106.62 USD   
  Expenses:Taxes:Y2016:US:Federal                 1062.92 USD   
  Expenses:Taxes:Y2016:US:State                    365.08 USD   
  Expenses:Taxes:Y2016:US:CityNYC                  174.92 USD   
  Expenses:Taxes:Y2016:US:SDI                        1.12 USD   
  Expenses:Taxes:Y2016:US:SocSec                   281.54 USD   
  Assets:US:Federal:PreTax401k                   -1200.00 IRAUSD
  Expenses:Taxes:Y2016:US:Federal:PreTax401k      1200.00 IRAUSD
  Assets:US:BayBook:Vacation                            5 VACHR 
  Income:US:BayBook:Vacation                           -5 VACHR 

2016-02-11 * "BayBook" "Payroll"
  Assets:US:BofA:Checking                         1350.60 USD   
  Assets:US:Vanguard:Cash                         1200.00 USD   
  Income:US:BayBook:Salary                       -4615.38 USD   
  Income:US:BayBook:GroupTermLife                  -24.32 USD   
  Expenses:Health:Life:GroupTermLife                24.32 USD   
  Expenses:Health:Dental:Insurance                   2.90 USD   
  Expenses:Health:Medical:Insurance                 27.38 USD   
  Expenses:Health:Vision:Insurance                  42.30 USD   
  Expenses:Taxes:Y2016:US:Medicare                 106.62 USD   
  Expenses:Taxes:Y2016:US:Federal                 1062.92 USD   
  Expenses:Taxes:Y2016:US:State                    365.08 USD   
  Expenses:Taxes:Y2016:US:CityNYC                  174.92 USD   
  Expenses:Taxes:Y2016:US:SDI                        1.12 USD   
  Expenses:Taxes:Y2016:US:SocSec                   281.54 USD   
  Assets:US:Federal:PreTax401k                   -1200.00 IRAUSD
  Expenses:Taxes:Y2016:US:Federal:PreTax401k      1200.00 IRAUSD
  Assets:US:BayBook:Vacation                            5 VACHR 
  Income:US:BayBook:Vacation                           -5 VACHR 

2016-02-25 * "BayBook" "Payroll"
  Assets:US:BofA:Checking                         1350.60 USD   
  Assets:US:Vanguard:Cash                         1200.00 USD   
  Income:US:BayBook:Salary                       -4615.38 USD   
  Income:US:BayBook:GroupTermLife                  -24.32 USD   
  Expenses:Health:Life:GroupTermLife                24.32 USD   
  Expenses:Health:Dental:Insurance                   2.90 USD   
  Expenses:Health:Medical:Insurance                 27.38 USD   
  Expenses:Health:Vision:Insurance                  42.30 USD   
  Expenses:Taxes:Y2016:US:Medicare                 106.62 USD   
  Expenses:Taxes:Y2016:US:Federal                 1062.92 USD   
  Expenses:Taxes:Y2016:US:State                    365.08 USD   
  Expenses:Taxes:Y2016:US:CityNYC                  174.92 USD   
  Expenses:Taxes:Y2016:US:SDI                        1.12 USD   
  Expenses:Taxes:Y2016:US:SocSec                   281.54 USD   
  Assets:US:Federal:PreTax401k                   -1200.00 IRAUSD
  Expenses:Taxes:Y2016:US:Federal:PreTax401k      1200.00 IRAUSD
  Assets:US:BayBook:Vacation                            5 VACHR 
  Income:US:BayBook:Vacation                           -5 VACHR 

2016-03-10 * "BayBook" "Payroll"
  Assets:US:BofA:Checking                         1350.60 USD   
  Assets:US:Vanguard:Cash                         1200.00 USD   
  Income:US:BayBook:Salary                       -4615.38 USD   
  Income:US:BayBook:GroupTermLife                  -24.32 USD   
  Expenses:Health:Life:GroupTermLife                24.32 USD   
  Expenses:Health:Dental:Insurance                   2.90 USD   
  Expenses:Health:Medical:Insurance                 27.38 USD   
  Expenses:Health:Vision:Insurance                  42.30 USD   
  Expenses:Taxes:Y2016:US:Medicare                 106.62 USD   
  Expenses:Taxes:Y2016:US:Federal                 1062.92 USD   
  Expenses:Taxes:Y2016:US:State                    365.08 USD   
  Expenses:Taxes:Y2016:US:CityNYC                  174.92 USD   
  Expenses:Taxes:Y2016:US:SDI                        1.12 USD   
  Expenses:Taxes:Y2016:US:SocSec                   281.54 USD   
  Assets:US:Federal:PreTax401k                   -1200.00 IRAUSD
  Expenses:Taxes:Y2016:US:Federal:PreTax401k      1200.00 IRAUSD
  Assets:US:BayBook:Vacation                            5 VACHR 
  Income:US:BayBook:Vacation                           -5 VACHR 

2016-03-24 * "BayBook" "Payroll"
  Assets:US:BofA:Checking                         1350.60 USD   
  Assets:US:Vanguard:Cash                         1200.00 USD   
  Income:US:BayBook:Salary                       -4615.38 USD   
  Income:US:BayBook:GroupTermLife                  -24.32 USD   
  Expenses:Health:Life:GroupTermLife                24.32 USD   
  Expenses:Health:Dental:Insurance                   2.90 USD   
  Expenses:Health:Medical:Insurance                 27.38 USD   
  Expenses:Health:Vision:Insurance                  42.30 USD   
  Expenses:Taxes:Y2016:US:Medicare                 106.62 USD   
  Expenses:Taxes:Y2016:US:Federal                 1062.92 USD   
  Expenses:Taxes:Y2016:US:State                    365.08 USD   
  Expenses:Taxes:Y2016:US:CityNYC                  174.92 USD   
  Expenses:Taxes:Y2016:US:SDI                        1.12 USD   
  Expenses:Taxes:Y2016:US:SocSec                   281.54 USD   
  Assets:US:Federal:PreTax401k                   -1200.00 IRAUSD
  Expenses:Taxes:Y2016:US:Federal:PreTax401k      1200.00 IRAUSD
  Assets:US:BayBook:Vacation                            5 VACHR 
  Income:US:BayBook:Vacation                           -5 VACHR 

2016-04-07 * "BayBook" "Payroll"
  Assets:US:BofA:Checking                         1350.60 USD   
  Assets:US:Vanguard:Cash                         1200.00 USD   
  Income:US:BayBook:Salary                       -4615.38 USD   
  Income:US:BayBook:GroupTermLife                  -24.32 USD   
  Expenses:Health:Life:GroupTermLife                24.32 USD   
  Expenses:Health:Dental:Insurance                   2.90 USD   
  Expenses:Health:Medical:Insurance                 27.38 USD   
  Expenses:Health:Vision:Insurance                  42.30 USD   
  Expenses:Taxes:Y2016:US:Medicare                 106.62 USD   
  Expenses:Taxes:Y2016:US:Federal                 1062.92 USD   
  Expenses:Taxes:Y2016:US:State                    365.08 USD   
  Expenses:Taxes:Y2016:US:CityNYC                  174.92 USD   
  Expenses:Taxes:Y2016:US:SDI                        1.12 USD   
  Expenses:Taxes:Y2016:US:SocSec                   281.54 USD   
  Assets:US:Federal:PreTax401k                   -1200.00 IRAUSD
  Expenses:Taxes:Y2016:US:Federal:PreTax401k      1200.00 IRAUSD
  Assets:US:BayBook:Vacation                            5 VACHR 
  Income:US:BayBook:Vacation                           -5 VACHR 

2016-04-21 * "BayBook" "Payroll"
  Assets:US:BofA:Checking                         1350.60 USD   
  Assets:US:Vanguard:Cash                         1200.00 USD   
  Income:US:BayBook:Salary                       -4615.38 USD   
  Income:US:BayBook:GroupTermLife                  -24.32 USD   
  Expenses:Health:Life:GroupTermLife                24.32 USD   
  Expenses:Health:Dental:Insurance                   2.90 USD   
  Expenses:Health:Medical:Insurance                 27.38 USD   
  Expenses:Health:Vision:Insurance                  42.30 USD   
  Expenses:Taxes:Y2016:US:Medicare                 106.62 USD   
  Expenses:Taxes:Y2016:US:Federal                 1062.92 USD   
  Expenses:Taxes:Y2016:US:State                    365.08 USD   
  Expenses:Taxes:Y2016:US:CityNYC                  174.92 USD   
  Expenses:Taxes:Y2016:US:SDI                        1.12 USD   
  Expenses:Taxes:Y2016:US:SocSec                   281.54 USD   
  Assets:US:Federal:PreTax401k                   -1200.00 IRAUSD
  Expenses:Taxes:Y2016:US:Federal:PreTax401k      1200.00 IRAUSD
  Assets:US:BayBook:Vacation                            5 VACHR 
  Income:US:BayBook:Vacation                           -5 VACHR 

2016-05-05 * "BayBook" "Payroll"
  Assets:US:BofA:Checking                         1350.60 USD   
  Assets:US:Vanguard:Cash                         1200.00 USD   
  Income:US:BayBook:Salary                       -4615.38 USD   
  Income:US:BayBook:GroupTermLife                  -24.32 USD   
  Expenses:Health:Life:GroupTermLife                24.32 USD   
  Expenses:Health:Dental:Insurance                   2.90 USD   
  Expenses:Health:Medical:Insurance                 27.38 USD   
  Expenses:Health:Vision:Insurance                  42.30 USD   
  Expenses:Taxes:Y2016:US:Medicare                 106.62 USD   
  Expenses:Taxes:Y2016:US:Federal                 1062.92 USD   
  Expenses:Taxes:Y2016:US:State                    365.08 USD   
  Expenses:Taxes:Y2016:US:CityNYC                  174.92 USD   
  Expenses:Taxes:Y2016:US:SDI                        1.12 USD   
  Expenses:Taxes:Y2016:US:SocSec                   281.54 USD   
  Assets:US:Federal:PreTax401k                   -1200.00 IRAUSD
  Expenses:Taxes:Y2016:US:Federal:PreTax401k      1200.00 IRAUSD
  Assets:US:BayBook:Vacation                            5 VACHR 
  Income:US:BayBook:Vacation                           -5 VACHR 

2016-05-19 * "BayBook" "Payroll"
  Assets:US:BofA:Checking                         1350.60 USD   
  Assets:US:Vanguard:Cash                         1200.00 USD   
  Income:US:BayBook:Salary                       -4615.38 USD   
  Income:US:BayBook:GroupTermLife                  -24.32 USD   
  Expenses:Health:Life:GroupTermLife                24.32 USD   
  Expenses:Health:Dental:Insurance                   2.90 USD   
  Expenses:Health:Medical:Insurance                 27.38 USD   
  Expenses:Health:Vision:Insurance                  42.30 USD   
  Expenses:Taxes:Y2016:US:Medicare                 106.62 USD   
  Expenses:Taxes:Y2016:US:Federal                 1062.92 USD   
  Expenses:Taxes:Y2016:US:State                    365.08 USD   
  Expenses:Taxes:Y2016:US:CityNYC                  174.92 USD   
  Expenses:Taxes:Y2016:US:SDI                        1.12 USD   
  Expenses:Taxes:Y2016:US:SocSec                   281.54 USD   
  Assets:US:Federal:PreTax401k                   -1200.00 IRAUSD
  Expenses:Taxes:Y2016:US:Federal:PreTax401k      1200.00 IRAUSD
  Assets:US:BayBook:Vacation                            5 VACHR 
  Income:US:BayBook:Vacation                           -5 VACHR 

2016-06-02 * "BayBook" "Payroll"
  Assets:US:BofA:Checking                         1350.60 USD   
  Assets:US:Vanguard:Cash                         1200.00 USD   
  Income:US:BayBook:Salary                       -4615.38 USD   
  Income:US:BayBook:GroupTermLife                  -24.32 USD   
  Expenses:Health:Life:GroupTermLife                24.32 USD   
  Expenses:Health:Dental:Insurance                   2.90 USD   
  Expenses:Health:Medical:Insurance                 27.38 USD   
  Expenses:Health:Vision:Insurance                  42.30 USD   
  Expenses:Taxes:Y2016:US:Medicare                 106.62 USD   
  Expenses:Taxes:Y2016:US:Federal                 1062.92 USD   
  Expenses:Taxes:Y2016:US:State                    365.08 USD   
  Expenses:Taxes:Y2016:US:CityNYC                  174.92 USD   
  Expenses:Taxes:Y2016:US:SDI                        1.12 USD   
  Expenses:Taxes:Y2016:US:SocSec                   281.54 USD   
  Assets:US:Federal:PreTax401k                   -1200.00 IRAUSD
  Expenses:Taxes:Y2016:US:Federal:PreTax401k      1200.00 IRAUSD
  Assets:US:BayBook:Vacation                            5 VACHR 
  Income:US:BayBook:Vacation                           -5 VACHR 

2016-06-16 * "BayBook" "Payroll"
  Assets:US:BofA:Checking                         1350.60 USD   
  Assets:US:Vanguard:Cash                         1200.00 USD   
  Income:US:BayBook:Salary                       -4615.38 USD   
  Income:US:BayBook:GroupTermLife                  -24.32 USD   
  Expenses:Health:Life:GroupTermLife                24.32 USD   
  Expenses:Health:Dental:Insurance                   2.90 USD   
  Expenses:Health:Medical:Insurance                 27.38 USD   
  Expenses:Health:Vision:Insurance                  42.30 USD   
  Expenses:Taxes:Y2016:US:Medicare                 106.62 USD   
  Expenses:Taxes:Y2016:US:Federal                 1062.92 USD   
  Expenses:Taxes:Y2016:US:State                    365.08 USD   
  Expenses:Taxes:Y2016:US:CityNYC                  174.92 USD   
  Expenses:Taxes:Y2016:US:SDI                        1.12 USD   
  Expenses:Taxes:Y2016:US:SocSec                   281.54 USD   
  Assets:US:Federal:PreTax401k                   -1200.00 IRAUSD
  Expenses:Taxes:Y2016:US:Federal:PreTax401k      1200.00 IRAUSD
  Assets:US:BayBook:Vacation                            5 VACHR 
  Income:US:BayBook:Vacation                           -5 VACHR 

2016-06-30 * "BayBook" "Payroll"
  Assets:US:BofA:Checking                         1350.60 USD   
  Assets:US:Vanguard:Cash                         1200.00 USD   
  Income:US:BayBook:Salary                       -4615.38 USD   
  Income:US:BayBook:GroupTermLife                  -24.32 USD   
  Expenses:Health:Life:GroupTermLife                24.32 USD   
  Expenses:Health:Dental:Insurance                   2.90 USD   
  Expenses:Health:Medical:Insurance                 27.38 USD   
  Expenses:Health:Vision:Insurance                  42.30 USD   
  Expenses:Taxes:Y2016:US:Medicare                 106.62 USD   
  Expenses:Taxes:Y2016:US:Federal                 1062.92 USD   
  Expenses:Taxes:Y2016:US:State                    365.08 USD   
  Expenses:Taxes:Y2016:US:CityNYC                  174.92 USD   
  Expenses:Taxes:Y2016:US:SDI                        1.12 USD   
  Expenses:Taxes:Y2016:US:SocSec                   281.54 USD   
  Assets:US:Federal:PreTax401k                   -1200.00 IRAUSD
  Expenses:Taxes:Y2016:US:Federal:PreTax401k      1200.00 IRAUSD
  Assets:US:BayBook:Vacation                            5 VACHR 
  Income:US:BayBook:Vacation                           -5 VACHR 

2016-07-14 * "BayBook" "Payroll"
  Assets:US:BofA:Checking                         1350.60 USD   
  Assets:US:Vanguard:Cash                         1200.00 USD   
  Income:US:BayBook:Salary                       -4615.38 USD   
  Income:US:BayBook:GroupTermLife                  -24.32 USD   
  Expenses:Health:Life:GroupTermLife                24.32 USD   
  Expenses:Health:Dental:Insurance                   2.90 USD   
  Expenses:Health:Medical:Insurance                 27.38 USD   
  Expenses:Health:Vision:Insurance                  42.30 USD   
  Expenses:Taxes:Y2016:US:Medicare                 106.62 USD   
  Expenses:Taxes:Y2016:US:Federal                 1062.92 USD   
  Expenses:Taxes:Y2016:US:State                    365.08 USD   
  Expenses:Taxes:Y2016:US:CityNYC                  174.92 USD   
  Expenses:Taxes:Y2016:US:SDI                        1.12 USD   
  Expenses:Taxes:Y2016:US:SocSec                   281.54 USD   
  Assets:US:Federal:PreTax401k                   -1200.00 IRAUSD
  Expenses:Taxes:Y2016:US:Federal:PreTax401k      1200.00 IRAUSD
  Assets:US:BayBook:Vacation                            5 VACHR 
  Income:US:BayBook:Vacation                           -5 VACHR 

2016-07-28 * "BayBook" "Payroll"
  Assets:US:BofA:Checking                         1350.60 USD   
  Assets:US:Vanguard:Cash                         1200.00 USD   
  Income:US:BayBook:Salary                       -4615.38 USD   
  Income:US:BayBook:GroupTermLife                  -24.32 USD   
  Expenses:Health:Life:GroupTermLife                24.32 USD   
  Expenses:Health:Dental:Insurance                   2.90 USD   
  Expenses:Health:Medical:Insurance                 27.38 USD   
  Expenses:Health:Vision:Insurance                  42.30 USD   
  Expenses:Taxes:Y2016:US:Medicare                 106.62 USD   
  Expenses:Taxes:Y2016:US:Federal                 1062.92 USD   
  Expenses:Taxes:Y2016:US:State                    365.08 USD   
  Expenses:Taxes:Y2016:US:CityNYC                  174.92 USD   
  Expenses:Taxes:Y2016:US:SDI                        1.12 USD   
  Expenses:Taxes:Y2016:US:SocSec                   281.54 USD   
  Assets:US:Federal:PreTax401k                   -1200.00 IRAUSD
  Expenses:Taxes:Y2016:US:Federal:PreTax401k      1200.00 IRAUSD
  Assets:US:BayBook:Vacation                            5 VACHR 
  Income:US:BayBook:Vacation                           -5 VACHR 

2016-08-11 * "BayBook" "Payroll"
  Assets:US:BofA:Checking                         2550.60 USD   
  Income:US:BayBook:Salary                       -4615.38 USD   
  Income:US:BayBook:GroupTermLife                  -24.32 USD   
  Expenses:Health:Life:GroupTermLife                24.32 USD   
  Expenses:Health:Dental:Insurance                   2.90 USD   
  Expenses:Health:Medical:Insurance                 27.38 USD   
  Expenses:Health:Vision:Insurance                  42.30 USD   
  Expenses:Taxes:Y2016:US:Medicare                 106.62 USD   
  Expenses:Taxes:Y2016:US:Federal                 1062.92 USD   
  Expenses:Taxes:Y2016:US:State                    365.08 USD   
  Expenses:Taxes:Y2016:US:CityNYC                  174.92 USD   
  Expenses:Taxes:Y2016:US:SDI                        1.12 USD   
  Expenses:Taxes:Y2016:US:SocSec                   281.54 USD   
  Assets:US:Federal:PreTax401k                       0.00 IRAUSD
  Assets:US:BayBook:Vacation                            5 VACHR 
  Income:US:BayBook:Vacation                           -5 VACHR 

2016-08-25 * "BayBook" "Payroll"
  Assets:US:BofA:Checking                         2550.60 USD   
  Income:US:BayBook:Salary                       -4615.38 USD   
  Income:US:BayBook:GroupTermLife                  -24.32 USD   
  Expenses:Health:Life:GroupTermLife                24.32 USD   
  Expenses:Health:Dental:Insurance                   2.90 USD   
  Expenses:Health:Medical:Insurance                 27.38 USD   
  Expenses:Health:Vision:Insurance                  42.30 USD   
  Expenses:Taxes:Y2016:US:Medicare                 106.62 USD   
  Expenses:Taxes:Y2016:US:Federal                 1062.92 USD   
  Expenses:Taxes:Y2016:US:State                    365.08 USD   
  Expenses:Taxes:Y2016:US:CityNYC                  174.92 USD   
  Expenses:Taxes:Y2016:US:SDI                        1.12 USD   
  Expenses:Taxes:Y2016:US:SocSec                   281.54 USD   
  Assets:US:Federal:PreTax401k                       0.00 IRAUSD
  Assets:US:BayBook:Vacation                            5 VACHR 
  Income:US:BayBook:Vacation                           -5 VACHR 

2016-09-08 * "BayBook" "Payroll"
  Assets:US:BofA:Checking                         2550.60 USD   
  Income:US:BayBook:Salary                       -4615.38 USD   
  Income:US:BayBook:GroupTermLife                  -24.32 USD   
  Expenses:Health:Life:GroupTermLife                24.32 USD   
  Expenses:Health:Dental:Insurance                   2.90 USD   
  Expenses:Health:Medical:Insurance                 27.38 USD   
  Expenses:Health:Vision:Insurance                  42.30 USD   
  Expenses:Taxes:Y2016:US:Medicare                 106.62 USD   
  Expenses:Taxes:Y2016:US:Federal                 1062.92 USD   
  Expenses:Taxes:Y2016:US:State                    365.08 USD   
  Expenses:Taxes:Y2016:US:CityNYC                  174.92 USD   
  Expenses:Taxes:Y2016:US:SDI                        1.12 USD   
  Expenses:Taxes:Y2016:US:SocSec                   281.54 USD   
  Assets:US:Federal:PreTax401k                       0.00 IRAUSD
  Assets:US:BayBook:Vacation                            5 VACHR 
  Income:US:BayBook:Vacation                           -5 VACHR 

2016-09-22 * "BayBook" "Payroll"
  Assets:US:BofA:Checking                         2550.60 USD   
  Income:US:BayBook:Salary                       -4615.38 USD   
  Income:US:BayBook:GroupTermLife                  -24.32 USD   
  Expenses:Health:Life:GroupTermLife                24.32 USD   
  Expenses:Health:Dental:Insurance                   2.90 USD   
  Expenses:Health:Medical:Insurance                 27.38 USD   
  Expenses:Health:Vision:Insurance                  42.30 USD   
  Expenses:Taxes:Y2016:US:Medicare                 106.62 USD   
  Expenses:Taxes:Y2016:US:Federal                 1062.92 USD   
  Expenses:Taxes:Y2016:US:State                    365.08 USD   
  Expenses:Taxes:Y2016:US:CityNYC                  174.92 USD   
  Expenses:Taxes:Y2016:US:SDI                        1.12 USD   
  Expenses:Taxes:Y2016:US:SocSec                   281.54 USD   
  Assets:US:Federal:PreTax401k                       0.00 IRAUSD
  Assets:US:BayBook:Vacation                            5 VACHR 
  Income:US:BayBook:Vacation                           -5 VACHR 

2016-10-06 * "BayBook" "Payroll"
  Assets:US:BofA:Checking                         2550.60 USD   
  Income:US:BayBook:Salary                       -4615.38 USD   
  Income:US:BayBook:GroupTermLife                  -24.32 USD   
  Expenses:Health:Life:GroupTermLife                24.32 USD   
  Expenses:Health:Dental:Insurance                   2.90 USD   
  Expenses:Health:Medical:Insurance                 27.38 USD   
  Expenses:Health:Vision:Insurance                  42.30 USD   
  Expenses:Taxes:Y2016:US:Medicare                 106.62 USD   
  Expenses:Taxes:Y2016:US:Federal                 1062.92 USD   
  Expenses:Taxes:Y2016:US:State                    365.08 USD   
  Expenses:Taxes:Y2016:US:CityNYC                  174.92 USD   
  Expenses:Taxes:Y2016:US:SDI                        1.12 USD   
  Expenses:Taxes:Y2016:US:SocSec                   281.54 USD   
  Assets:US:Federal:PreTax401k                       0.00 IRAUSD
  Assets:US:BayBook:Vacation                            5 VACHR 
  Income:US:BayBook:Vacation                           -5 VACHR 

2016-10-20 * "BayBook" "Payroll"
  Assets:US:BofA:Checking                         2550.60 USD   
  Income:US:BayBook:Salary                       -4615.38 USD   
  Income:US:BayBook:GroupTermLife                  -24.32 USD   
  Expenses:Health:Life:GroupTermLife                24.32 USD   
  Expenses:Health:Dental:Insurance                   2.90 USD   
  Expenses:Health:Medical:Insurance                 27.38 USD   
  Expenses:Health:Vision:Insurance                  42.30 USD   
  Expenses:Taxes:Y2016:US:Medicare                 106.62 USD   
  Expenses:Taxes:Y2016:US:Federal                 1062.92 USD   
  Expenses:Taxes:Y2016:US:State                    365.08 USD   
  Expenses:Taxes:Y2016:US:CityNYC                  174.92 USD   
  Expenses:Taxes:Y2016:US:SDI                        1.12 USD   
  Expenses:Taxes:Y2016:US:SocSec                   281.54 USD   
  Assets:US:Federal:PreTax401k                       0.00 IRAUSD
  Assets:US:BayBook:Vacation                            5 VACHR 
  Income:US:BayBook:Vacation                           -5 VACHR 

2016-11-03 * "BayBook" "Payroll"
  Assets:US:BofA:Checking                         2550.60 USD   
  Income:US:BayBook:Salary                       -4615.38 USD   
  Income:US:BayBook:GroupTermLife                  -24.32 USD   
  Expenses:Health:Life:GroupTermLife                24.32 USD   
  Expenses:Health:Dental:Insurance                   2.90 USD   
  Expenses:Health:Medical:Insurance                 27.38 USD   
  Expenses:Health:Vision:Insurance                  42.30 USD   
  Expenses:Taxes:Y2016:US:Medicare                 106.62 USD   
  Expenses:Taxes:Y2016:US:Federal                 1062.92 USD   
  Expenses:Taxes:Y2016:US:State                    365.08 USD   
  Expenses:Taxes:Y2016:US:CityNYC                  174.92 USD   
  Expenses:Taxes:Y2016:US:SDI                        1.12 USD   
  Expenses:Taxes:Y2016:US:SocSec                   281.54 USD   
  Assets:US:Federal:PreTax401k                       0.00 IRAUSD
  Assets:US:BayBook:Vacation                            5 VACHR 
  Income:US:BayBook:Vacation                           -5 VACHR 

2016-11-17 * "BayBook" "Payroll"
  Assets:US:BofA:Checking                         2550.60 USD   
  Income:US:BayBook:Salary                       -4615.38 USD   
  Income:US:BayBook:GroupTermLife                  -24.32 USD   
  Expenses:Health:Life:GroupTermLife                24.32 USD   
  Expenses:Health:Dental:Insurance                   2.90 USD   
  Expenses:Health:Medical:Insurance                 27.38 USD   
  Expenses:Health:Vision:Insurance                  42.30 USD   
  Expenses:Taxes:Y2016:US:Medicare                 106.62 USD   
  Expenses:Taxes:Y2016:US:Federal                 1062.92 USD   
  Expenses:Taxes:Y2016:US:State                    365.08 USD   
  Expenses:Taxes:Y2016:US:CityNYC                  174.92 USD   
  Expenses:Taxes:Y2016:US:SDI                        1.12 USD   
  Expenses:Taxes:Y2016:US:SocSec                   281.54 USD   
  Assets:US:Federal:PreTax401k                       0.00 IRAUSD
  Assets:US:BayBook:Vacation                            5 VACHR 
  Income:US:BayBook:Vacation                           -5 VACHR 

2016-12-01 * "BayBook" "Payroll"
  Assets:US:BofA:Checking                         2550.60 USD   
  Income:US:BayBook:Salary                       -4615.38 USD   
  Income:US:BayBook:GroupTermLife                  -24.32 USD   
  Expenses:Health:Life:GroupTermLife                24.32 USD   
  Expenses:Health:Dental:Insurance                   2.90 USD   
  Expenses:Health:Medical:Insurance                 27.38 USD   
  Expenses:Health:Vision:Insurance                  42.30 USD   
  Expenses:Taxes:Y2016:US:Medicare                 106.62 USD   
  Expenses:Taxes:Y2016:US:Federal                 1062.92 USD   
  Expenses:Taxes:Y2016:US:State                    365.08 USD   
  Expenses:Taxes:Y2016:US:CityNYC                  174.92 USD   
  Expenses:Taxes:Y2016:US:SDI                        1.12 USD   
  Expenses:Taxes:Y2016:US:SocSec                   281.54 USD   
  Assets:US:Federal:PreTax401k                       0.00 IRAUSD
  Assets:US:BayBook:Vacation                            5 VACHR 
  Income:US:BayBook:Vacation                           -5 VACHR 

2016-12-15 * "BayBook" "Payroll"
  Assets:US:BofA:Checking                         2589.06 USD   
  Income:US:BayBook:Salary                       -4615.38 USD   
  Income:US:BayBook:GroupTermLife                  -24.32 USD   
  Expenses:Health:Life:GroupTermLife                24.32 USD   
  Expenses:Health:Dental:Insurance                   2.90 USD   
  Expenses:Health:Medical:Insurance                 27.38 USD   
  Expenses:Health:Vision:Insurance                  42.30 USD   
  Expenses:Taxes:Y2016:US:Medicare                 106.62 USD   
  Expenses:Taxes:Y2016:US:Federal                 1062.92 USD   
  Expenses:Taxes:Y2016:US:State                    365.08 USD   
  Expenses:Taxes:Y2016:US:CityNYC                  174.92 USD   
  Expenses:Taxes:Y2016:US:SDI                        1.12 USD   
  Expenses:Taxes:Y2016:US:SocSec                   243.08 USD   
  Assets:US:Federal:PreTax401k                       0.00 IRAUSD
  Assets:US:BayBook:Vacation                            5 VACHR 
  Income:US:BayBook:Vacation                           -5 VACHR 

2016-12-29 * "BayBook" "Payroll"
  Assets:US:BofA:Checking                         2832.14 USD   
  Income:US:BayBook:Salary                       -4615.38 USD   
  Income:US:BayBook:GroupTermLife                  -24.32 USD   
  Expenses:Health:Life:GroupTermLife                24.32 USD   
  Expenses:Health:Dental:Insurance                   2.90 USD   
  Expenses:Health:Medical:Insurance                 27.38 USD   
  Expenses:Health:Vision:Insurance                  42.30 USD   
  Expenses:Taxes:Y2016:US:Medicare                 106.62 USD   
  Expenses:Taxes:Y2016:US:Federal                 1062.92 USD   
  Expenses:Taxes:Y2016:US:State                    365.08 USD   
  Expenses:Taxes:Y2016:US:CityNYC                  174.92 USD   
  Expenses:Taxes:Y2016:US:SDI                        1.12 USD   
  Expenses:Taxes:Y2016:US:SocSec                     0.00 USD   
  Assets:US:Federal:PreTax401k                       0.00 IRAUSD
  Assets:US:BayBook:Vacation                            5 VACHR 
  Income:US:BayBook:Vacation                           -5 VACHR 

2017-01-12 * "BayBook" "Payroll"
  Assets:US:BofA:Checking                         1350.60 USD   
  Assets:US:Vanguard:Cash                         1200.00 USD   
  Income:US:BayBook:Salary                       -4615.38 USD   
  Income:US:BayBook:GroupTermLife                  -24.32 USD   
  Expenses:Health:Life:GroupTermLife                24.32 USD   
  Expenses:Health:Dental:Insurance                   2.90 USD   
  Expenses:Health:Medical:Insurance                 27.38 USD   
  Expenses:Health:Vision:Insurance                  42.30 USD   
  Expenses:Taxes:Y2017:US:Medicare                 106.62 USD   
  Expenses:Taxes:Y2017:US:Federal                 1062.92 USD   
  Expenses:Taxes:Y2017:US:State                    365.08 USD   
  Expenses:Taxes:Y2017:US:CityNYC                  174.92 USD   
  Expenses:Taxes:Y2017:US:SDI                        1.12 USD   
  Expenses:Taxes:Y2017:US:SocSec                   281.54 USD   
  Assets:US:Federal:PreTax401k                   -1200.00 IRAUSD
  Expenses:Taxes:Y2017:US:Federal:PreTax401k      1200.00 IRAUSD
  Assets:US:BayBook:Vacation                            5 VACHR 
  Income:US:BayBook:Vacation                           -5 VACHR 

2017-01-26 * "BayBook" "Payroll"
  Assets:US:BofA:Checking                         1350.60 USD   
  Assets:US:Vanguard:Cash                         1200.00 USD   
  Income:US:BayBook:Salary                       -4615.38 USD   
  Income:US:BayBook:GroupTermLife                  -24.32 USD   
  Expenses:Health:Life:GroupTermLife                24.32 USD   
  Expenses:Health:Dental:Insurance                   2.90 USD   
  Expenses:Health:Medical:Insurance                 27.38 USD   
  Expenses:Health:Vision:Insurance                  42.30 USD   
  Expenses:Taxes:Y2017:US:Medicare                 106.62 USD   
  Expenses:Taxes:Y2017:US:Federal                 1062.92 USD   
  Expenses:Taxes:Y2017:US:State                    365.08 USD   
  Expenses:Taxes:Y2017:US:CityNYC                  174.92 USD   
  Expenses:Taxes:Y2017:US:SDI                        1.12 USD   
  Expenses:Taxes:Y2017:US:SocSec                   281.54 USD   
  Assets:US:Federal:PreTax401k                   -1200.00 IRAUSD
  Expenses:Taxes:Y2017:US:Federal:PreTax401k      1200.00 IRAUSD
  Assets:US:BayBook:Vacation                            5 VACHR 
  Income:US:BayBook:Vacation                           -5 VACHR 

2017-02-09 * "BayBook" "Payroll"
  Assets:US:BofA:Checking                         1350.60 USD   
  Assets:US:Vanguard:Cash                         1200.00 USD   
  Income:US:BayBook:Salary                       -4615.38 USD   
  Income:US:BayBook:GroupTermLife                  -24.32 USD   
  Expenses:Health:Life:GroupTermLife                24.32 USD   
  Expenses:Health:Dental:Insurance                   2.90 USD   
  Expenses:Health:Medical:Insurance                 27.38 USD   
  Expenses:Health:Vision:Insurance                  42.30 USD   
  Expenses:Taxes:Y2017:US:Medicare                 106.62 USD   
  Expenses:Taxes:Y2017:US:Federal                 1062.92 USD   
  Expenses:Taxes:Y2017:US:State                    365.08 USD   
  Expenses:Taxes:Y2017:US:CityNYC                  174.92 USD   
  Expenses:Taxes:Y2017:US:SDI                        1.12 USD   
  Expenses:Taxes:Y2017:US:SocSec                   281.54 USD   
  Assets:US:Federal:PreTax401k                   -1200.00 IRAUSD
  Expenses:Taxes:Y2017:US:Federal:PreTax401k      1200.00 IRAUSD
  Assets:US:BayBook:Vacation                            5 VACHR 
  Income:US:BayBook:Vacation                           -5 VACHR 

2017-02-23 * "BayBook" "Payroll"
  Assets:US:BofA:Checking                         1350.60 USD   
  Assets:US:Vanguard:Cash                         1200.00 USD   
  Income:US:BayBook:Salary                       -4615.38 USD   
  Income:US:BayBook:GroupTermLife                  -24.32 USD   
  Expenses:Health:Life:GroupTermLife                24.32 USD   
  Expenses:Health:Dental:Insurance                   2.90 USD   
  Expenses:Health:Medical:Insurance                 27.38 USD   
  Expenses:Health:Vision:Insurance                  42.30 USD   
  Expenses:Taxes:Y2017:US:Medicare                 106.62 USD   
  Expenses:Taxes:Y2017:US:Federal                 1062.92 USD   
  Expenses:Taxes:Y2017:US:State                    365.08 USD   
  Expenses:Taxes:Y2017:US:CityNYC                  174.92 USD   
  Expenses:Taxes:Y2017:US:SDI                        1.12 USD   
  Expenses:Taxes:Y2017:US:SocSec                   281.54 USD   
  Assets:US:Federal:PreTax401k                   -1200.00 IRAUSD
  Expenses:Taxes:Y2017:US:Federal:PreTax401k      1200.00 IRAUSD
  Assets:US:BayBook:Vacation                            5 VACHR 
  Income:US:BayBook:Vacation                           -5 VACHR 

2017-03-09 * "BayBook" "Payroll"
  Assets:US:BofA:Checking                         1350.60 USD   
  Assets:US:Vanguard:Cash                         1200.00 USD   
  Income:US:BayBook:Salary                       -4615.38 USD   
  Income:US:BayBook:GroupTermLife                  -24.32 USD   
  Expenses:Health:Life:GroupTermLife                24.32 USD   
  Expenses:Health:Dental:Insurance                   2.90 USD   
  Expenses:Health:Medical:Insurance                 27.38 USD   
  Expenses:Health:Vision:Insurance                  42.30 USD   
  Expenses:Taxes:Y2017:US:Medicare                 106.62 USD   
  Expenses:Taxes:Y2017:US:Federal                 1062.92 USD   
  Expenses:Taxes:Y2017:US:State                    365.08 USD   
  Expenses:Taxes:Y2017:US:CityNYC                  174.92 USD   
  Expenses:Taxes:Y2017:US:SDI                        1.12 USD   
  Expenses:Taxes:Y2017:US:SocSec                   281.54 USD   
  Assets:US:Federal:PreTax401k                   -1200.00 IRAUSD
  Expenses:Taxes:Y2017:US:Federal:PreTax401k      1200.00 IRAUSD
  Assets:US:BayBook:Vacation                            5 VACHR 
  Income:US:BayBook:Vacation                           -5 VACHR 

2017-03-23 * "BayBook" "Payroll"
  Assets:US:BofA:Checking                         1350.60 USD   
  Assets:US:Vanguard:Cash                         1200.00 USD   
  Income:US:BayBook:Salary                       -4615.38 USD   
  Income:US:BayBook:GroupTermLife                  -24.32 USD   
  Expenses:Health:Life:GroupTermLife                24.32 USD   
  Expenses:Health:Dental:Insurance                   2.90 USD   
  Expenses:Health:Medical:Insurance                 27.38 USD   
  Expenses:Health:Vision:Insurance                  42.30 USD   
  Expenses:Taxes:Y2017:US:Medicare                 106.62 USD   
  Expenses:Taxes:Y2017:US:Federal                 1062.92 USD   
  Expenses:Taxes:Y2017:US:State                    365.08 USD   
  Expenses:Taxes:Y2017:US:CityNYC                  174.92 USD   
  Expenses:Taxes:Y2017:US:SDI                        1.12 USD   
  Expenses:Taxes:Y2017:US:SocSec                   281.54 USD   
  Assets:US:Federal:PreTax401k                   -1200.00 IRAUSD
  Expenses:Taxes:Y2017:US:Federal:PreTax401k      1200.00 IRAUSD
  Assets:US:BayBook:Vacation                            5 VACHR 
  Income:US:BayBook:Vacation                           -5 VACHR 

2017-04-06 * "BayBook" "Payroll"
  Assets:US:BofA:Checking                         1350.60 USD   
  Assets:US:Vanguard:Cash                         1200.00 USD   
  Income:US:BayBook:Salary                       -4615.38 USD   
  Income:US:BayBook:GroupTermLife                  -24.32 USD   
  Expenses:Health:Life:GroupTermLife                24.32 USD   
  Expenses:Health:Dental:Insurance                   2.90 USD   
  Expenses:Health:Medical:Insurance                 27.38 USD   
  Expenses:Health:Vision:Insurance                  42.30 USD   
  Expenses:Taxes:Y2017:US:Medicare                 106.62 USD   
  Expenses:Taxes:Y2017:US:Federal                 1062.92 USD   
  Expenses:Taxes:Y2017:US:State                    365.08 USD   
  Expenses:Taxes:Y2017:US:CityNYC                  174.92 USD   
  Expenses:Taxes:Y2017:US:SDI                        1.12 USD   
  Expenses:Taxes:Y2017:US:SocSec                   281.54 USD   
  Assets:US:Federal:PreTax401k                   -1200.00 IRAUSD
  Expenses:Taxes:Y2017:US:Federal:PreTax401k      1200.00 IRAUSD
  Assets:US:BayBook:Vacation                            5 VACHR 
  Income:US:BayBook:Vacation                           -5 VACHR 

2017-04-20 * "BayBook" "Payroll"
  Assets:US:BofA:Checking                         1350.60 USD   
  Assets:US:Vanguard:Cash                         1200.00 USD   
  Income:US:BayBook:Salary                       -4615.38 USD   
  Income:US:BayBook:GroupTermLife                  -24.32 USD   
  Expenses:Health:Life:GroupTermLife                24.32 USD   
  Expenses:Health:Dental:Insurance                   2.90 USD   
  Expenses:Health:Medical:Insurance                 27.38 USD   
  Expenses:Health:Vision:Insurance                  42.30 USD   
  Expenses:Taxes:Y2017:US:Medicare                 106.62 USD   
  Expenses:Taxes:Y2017:US:Federal                 1062.92 USD   
  Expenses:Taxes:Y2017:US:State                    365.08 USD   
  Expenses:Taxes:Y2017:US:CityNYC                  174.92 USD   
  Expenses:Taxes:Y2017:US:SDI                        1.12 USD   
  Expenses:Taxes:Y2017:US:SocSec                   281.54 USD   
  Assets:US:Federal:PreTax401k                   -1200.00 IRAUSD
  Expenses:Taxes:Y2017:US:Federal:PreTax401k      1200.00 IRAUSD
  Assets:US:BayBook:Vacation                            5 VACHR 
  Income:US:BayBook:Vacation                           -5 VACHR 

2017-05-04 * "BayBook" "Payroll"
  Assets:US:BofA:Checking                         1350.60 USD   
  Assets:US:Vanguard:Cash                         1200.00 USD   
  Income:US:BayBook:Salary                       -4615.38 USD   
  Income:US:BayBook:GroupTermLife                  -24.32 USD   
  Expenses:Health:Life:GroupTermLife                24.32 USD   
  Expenses:Health:Dental:Insurance                   2.90 USD   
  Expenses:Health:Medical:Insurance                 27.38 USD   
  Expenses:Health:Vision:Insurance                  42.30 USD   
  Expenses:Taxes:Y2017:US:Medicare                 106.62 USD   
  Expenses:Taxes:Y2017:US:Federal                 1062.92 USD   
  Expenses:Taxes:Y2017:US:State                    365.08 USD   
  Expenses:Taxes:Y2017:US:CityNYC                  174.92 USD   
  Expenses:Taxes:Y2017:US:SDI                        1.12 USD   
  Expenses:Taxes:Y2017:US:SocSec                   281.54 USD   
  Assets:US:Federal:PreTax401k                   -1200.00 IRAUSD
  Expenses:Taxes:Y2017:US:Federal:PreTax401k      1200.00 IRAUSD
  Assets:US:BayBook:Vacation                            5 VACHR 
  Income:US:BayBook:Vacation                           -5 VACHR 

2017-05-18 * "BayBook" "Payroll"
  Assets:US:BofA:Checking                         1350.60 USD   
  Assets:US:Vanguard:Cash                         1200.00 USD   
  Income:US:BayBook:Salary                       -4615.38 USD   
  Income:US:BayBook:GroupTermLife                  -24.32 USD   
  Expenses:Health:Life:GroupTermLife                24.32 USD   
  Expenses:Health:Dental:Insurance                   2.90 USD   
  Expenses:Health:Medical:Insurance                 27.38 USD   
  Expenses:Health:Vision:Insurance                  42.30 USD   
  Expenses:Taxes:Y2017:US:Medicare                 106.62 USD   
  Expenses:Taxes:Y2017:US:Federal                 1062.92 USD   
  Expenses:Taxes:Y2017:US:State                    365.08 USD   
  Expenses:Taxes:Y2017:US:CityNYC                  174.92 USD   
  Expenses:Taxes:Y2017:US:SDI                        1.12 USD   
  Expenses:Taxes:Y2017:US:SocSec                   281.54 USD   
  Assets:US:Federal:PreTax401k                   -1200.00 IRAUSD
  Expenses:Taxes:Y2017:US:Federal:PreTax401k      1200.00 IRAUSD
  Assets:US:BayBook:Vacation                            5 VACHR 
  Income:US:BayBook:Vacation                           -5 VACHR 

2017-06-01 * "BayBook" "Payroll"
  Assets:US:BofA:Checking                         1350.60 USD   
  Assets:US:Vanguard:Cash                         1200.00 USD   
  Income:US:BayBook:Salary                       -4615.38 USD   
  Income:US:BayBook:GroupTermLife                  -24.32 USD   
  Expenses:Health:Life:GroupTermLife                24.32 USD   
  Expenses:Health:Dental:Insurance                   2.90 USD   
  Expenses:Health:Medical:Insurance                 27.38 USD   
  Expenses:Health:Vision:Insurance                  42.30 USD   
  Expenses:Taxes:Y2017:US:Medicare                 106.62 USD   
  Expenses:Taxes:Y2017:US:Federal                 1062.92 USD   
  Expenses:Taxes:Y2017:US:State                    365.08 USD   
  Expenses:Taxes:Y2017:US:CityNYC                  174.92 USD   
  Expenses:Taxes:Y2017:US:SDI                        1.12 USD   
  Expenses:Taxes:Y2017:US:SocSec                   281.54 USD   
  Assets:US:Federal:PreTax401k                   -1200.00 IRAUSD
  Expenses:Taxes:Y2017:US:Federal:PreTax401k      1200.00 IRAUSD
  Assets:US:BayBook:Vacation                            5 VACHR 
  Income:US:BayBook:Vacation                           -5 VACHR 

2017-06-15 * "BayBook" "Payroll"
  Assets:US:BofA:Checking                         1350.60 USD   
  Assets:US:Vanguard:Cash                         1200.00 USD   
  Income:US:BayBook:Salary                       -4615.38 USD   
  Income:US:BayBook:GroupTermLife                  -24.32 USD   
  Expenses:Health:Life:GroupTermLife                24.32 USD   
  Expenses:Health:Dental:Insurance                   2.90 USD   
  Expenses:Health:Medical:Insurance                 27.38 USD   
  Expenses:Health:Vision:Insurance                  42.30 USD   
  Expenses:Taxes:Y2017:US:Medicare                 106.62 USD   
  Expenses:Taxes:Y2017:US:Federal                 1062.92 USD   
  Expenses:Taxes:Y2017:US:State                    365.08 USD   
  Expenses:Taxes:Y2017:US:CityNYC                  174.92 USD   
  Expenses:Taxes:Y2017:US:SDI                        1.12 USD   
  Expenses:Taxes:Y2017:US:SocSec                   281.54 USD   
  Assets:US:Federal:PreTax401k                   -1200.00 IRAUSD
  Expenses:Taxes:Y2017:US:Federal:PreTax401k      1200.00 IRAUSD
  Assets:US:BayBook:Vacation                            5 VACHR 
  Income:US:BayBook:Vacation                           -5 VACHR 

2017-06-29 * "BayBook" "Payroll"
  Assets:US:BofA:Checking                         1350.60 USD   
  Assets:US:Vanguard:Cash                         1200.00 USD   
  Income:US:BayBook:Salary                       -4615.38 USD   
  Income:US:BayBook:GroupTermLife                  -24.32 USD   
  Expenses:Health:Life:GroupTermLife                24.32 USD   
  Expenses:Health:Dental:Insurance                   2.90 USD   
  Expenses:Health:Medical:Insurance                 27.38 USD   
  Expenses:Health:Vision:Insurance                  42.30 USD   
  Expenses:Taxes:Y2017:US:Medicare                 106.62 USD   
  Expenses:Taxes:Y2017:US:Federal                 1062.92 USD   
  Expenses:Taxes:Y2017:US:State                    365.08 USD   
  Expenses:Taxes:Y2017:US:CityNYC                  174.92 USD   
  Expenses:Taxes:Y2017:US:SDI                        1.12 USD   
  Expenses:Taxes:Y2017:US:SocSec                   281.54 USD   
  Assets:US:Federal:PreTax401k                   -1200.00 IRAUSD
  Expenses:Taxes:Y2017:US:Federal:PreTax401k      1200.00 IRAUSD
  Assets:US:BayBook:Vacation                            5 VACHR 
  Income:US:BayBook:Vacation                           -5 VACHR 

2017-07-13 * "BayBook" "Payroll"
  Assets:US:BofA:Checking                         1350.60 USD   
  Assets:US:Vanguard:Cash                         1200.00 USD   
  Income:US:BayBook:Salary                       -4615.38 USD   
  Income:US:BayBook:GroupTermLife                  -24.32 USD   
  Expenses:Health:Life:GroupTermLife                24.32 USD   
  Expenses:Health:Dental:Insurance                   2.90 USD   
  Expenses:Health:Medical:Insurance                 27.38 USD   
  Expenses:Health:Vision:Insurance                  42.30 USD   
  Expenses:Taxes:Y2017:US:Medicare                 106.62 USD   
  Expenses:Taxes:Y2017:US:Federal                 1062.92 USD   
  Expenses:Taxes:Y2017:US:State                    365.08 USD   
  Expenses:Taxes:Y2017:US:CityNYC                  174.92 USD   
  Expenses:Taxes:Y2017:US:SDI                        1.12 USD   
  Expenses:Taxes:Y2017:US:SocSec                   281.54 USD   
  Assets:US:Federal:PreTax401k                   -1200.00 IRAUSD
  Expenses:Taxes:Y2017:US:Federal:PreTax401k      1200.00 IRAUSD
  Assets:US:BayBook:Vacation                            5 VACHR 
  Income:US:BayBook:Vacation                           -5 VACHR 

2017-07-27 * "BayBook" "Payroll"
  Assets:US:BofA:Checking                         1350.60 USD   
  Assets:US:Vanguard:Cash                         1200.00 USD   
  Income:US:BayBook:Salary                       -4615.38 USD   
  Income:US:BayBook:GroupTermLife                  -24.32 USD   
  Expenses:Health:Life:GroupTermLife                24.32 USD   
  Expenses:Health:Dental:Insurance                   2.90 USD   
  Expenses:Health:Medical:Insurance                 27.38 USD   
  Expenses:Health:Vision:Insurance                  42.30 USD   
  Expenses:Taxes:Y2017:US:Medicare                 106.62 USD   
  Expenses:Taxes:Y2017:US:Federal                 1062.92 USD   
  Expenses:Taxes:Y2017:US:State                    365.08 USD   
  Expenses:Taxes:Y2017:US:CityNYC                  174.92 USD   
  Expenses:Taxes:Y2017:US:SDI                        1.12 USD   
  Expenses:Taxes:Y2017:US:SocSec                   281.54 USD   
  Assets:US:Federal:PreTax401k                   -1200.00 IRAUSD
  Expenses:Taxes:Y2017:US:Federal:PreTax401k      1200.00 IRAUSD
  Assets:US:BayBook:Vacation                            5 VACHR 
  Income:US:BayBook:Vacation                           -5 VACHR 

2017-08-10 * "BayBook" "Payroll"
  Assets:US:BofA:Checking                         2050.60 USD   
  Assets:US:Vanguard:Cash                          500.00 USD   
  Income:US:BayBook:Salary                       -4615.38 USD   
  Income:US:BayBook:GroupTermLife                  -24.32 USD   
  Expenses:Health:Life:GroupTermLife                24.32 USD   
  Expenses:Health:Dental:Insurance                   2.90 USD   
  Expenses:Health:Medical:Insurance                 27.38 USD   
  Expenses:Health:Vision:Insurance                  42.30 USD   
  Expenses:Taxes:Y2017:US:Medicare                 106.62 USD   
  Expenses:Taxes:Y2017:US:Federal                 1062.92 USD   
  Expenses:Taxes:Y2017:US:State                    365.08 USD   
  Expenses:Taxes:Y2017:US:CityNYC                  174.92 USD   
  Expenses:Taxes:Y2017:US:SDI                        1.12 USD   
  Expenses:Taxes:Y2017:US:SocSec                   281.54 USD   
  Assets:US:Federal:PreTax401k                    -500.00 IRAUSD
  Expenses:Taxes:Y2017:US:Federal:PreTax401k       500.00 IRAUSD
  Assets:US:BayBook:Vacation                            5 VACHR 
  Income:US:BayBook:Vacation                           -5 VACHR 

2017-08-24 * "BayBook" "Payroll"
  Assets:US:BofA:Checking                         2550.60 USD   
  Income:US:BayBook:Salary                       -4615.38 USD   
  Income:US:BayBook:GroupTermLife                  -24.32 USD   
  Expenses:Health:Life:GroupTermLife                24.32 USD   
  Expenses:Health:Dental:Insurance                   2.90 USD   
  Expenses:Health:Medical:Insurance                 27.38 USD   
  Expenses:Health:Vision:Insurance                  42.30 USD   
  Expenses:Taxes:Y2017:US:Medicare                 106.62 USD   
  Expenses:Taxes:Y2017:US:Federal                 1062.92 USD   
  Expenses:Taxes:Y2017:US:State                    365.08 USD   
  Expenses:Taxes:Y2017:US:CityNYC                  174.92 USD   
  Expenses:Taxes:Y2017:US:SDI                        1.12 USD   
  Expenses:Taxes:Y2017:US:SocSec                   281.54 USD   
  Assets:US:Federal:PreTax401k                       0.00 IRAUSD
  Assets:US:BayBook:Vacation                            5 VACHR 
  Income:US:BayBook:Vacation                           -5 VACHR 

2017-09-07 * "BayBook" "Payroll"
  Assets:US:BofA:Checking                         2550.60 USD   
  Income:US:BayBook:Salary                       -4615.38 USD   
  Income:US:BayBook:GroupTermLife                  -24.32 USD   
  Expenses:Health:Life:GroupTermLife                24.32 USD   
  Expenses:Health:Dental:Insurance                   2.90 USD   
  Expenses:Health:Medical:Insurance                 27.38 USD   
  Expenses:Health:Vision:Insurance                  42.30 USD   
  Expenses:Taxes:Y2017:US:Medicare                 106.62 USD   
  Expenses:Taxes:Y2017:US:Federal                 1062.92 USD   
  Expenses:Taxes:Y2017:US:State                    365.08 USD   
  Expenses:Taxes:Y2017:US:CityNYC                  174.92 USD   
  Expenses:Taxes:Y2017:US:SDI                        1.12 USD   
  Expenses:Taxes:Y2017:US:SocSec                   281.54 USD   
  Assets:US:Federal:PreTax401k                       0.00 IRAUSD
  Assets:US:BayBook:Vacation                            5 VACHR 
  Income:US:BayBook:Vacation                           -5 VACHR 

2017-09-21 * "BayBook" "Payroll"
  Assets:US:BofA:Checking                         2550.60 USD   
  Income:US:BayBook:Salary                       -4615.38 USD   
  Income:US:BayBook:GroupTermLife                  -24.32 USD   
  Expenses:Health:Life:GroupTermLife                24.32 USD   
  Expenses:Health:Dental:Insurance                   2.90 USD   
  Expenses:Health:Medical:Insurance                 27.38 USD   
  Expenses:Health:Vision:Insurance                  42.30 USD   
  Expenses:Taxes:Y2017:US:Medicare                 106.62 USD   
  Expenses:Taxes:Y2017:US:Federal                 1062.92 USD   
  Expenses:Taxes:Y2017:US:State                    365.08 USD   
  Expenses:Taxes:Y2017:US:CityNYC                  174.92 USD   
  Expenses:Taxes:Y2017:US:SDI                        1.12 USD   
  Expenses:Taxes:Y2017:US:SocSec                   281.54 USD   
  Assets:US:Federal:PreTax401k                       0.00 IRAUSD
  Assets:US:BayBook:Vacation                            5 VACHR 
  Income:US:BayBook:Vacation                           -5 VACHR 

2017-10-05 * "BayBook" "Payroll"
  Assets:US:BofA:Checking                         2550.60 USD   
  Income:US:BayBook:Salary                       -4615.38 USD   
  Income:US:BayBook:GroupTermLife                  -24.32 USD   
  Expenses:Health:Life:GroupTermLife                24.32 USD   
  Expenses:Health:Dental:Insurance                   2.90 USD   
  Expenses:Health:Medical:Insurance                 27.38 USD   
  Expenses:Health:Vision:Insurance                  42.30 USD   
  Expenses:Taxes:Y2017:US:Medicare                 106.62 USD   
  Expenses:Taxes:Y2017:US:Federal                 1062.92 USD   
  Expenses:Taxes:Y2017:US:State                    365.08 USD   
  Expenses:Taxes:Y2017:US:CityNYC                  174.92 USD   
  Expenses:Taxes:Y2017:US:SDI                        1.12 USD   
  Expenses:Taxes:Y2017:US:SocSec                   281.54 USD   
  Assets:US:Federal:PreTax401k                       0.00 IRAUSD
  Assets:US:BayBook:Vacation                            5 VACHR 
  Income:US:BayBook:Vacation                           -5 VACHR 



* Taxes

1980-05-12 open Income:US:Federal:PreTax401k                    IRAUSD
1980-05-12 open Assets:US:Federal:PreTax401k                    IRAUSD



** Tax Year 2015

2015-01-01 open Expenses:Taxes:Y2015:US:Federal:PreTax401k      IRAUSD
2015-01-01 open Expenses:Taxes:Y2015:US:Medicare                USD
2015-01-01 open Expenses:Taxes:Y2015:US:Federal                 USD
2015-01-01 open Expenses:Taxes:Y2015:US:CityNYC                 USD
2015-01-01 open Expenses:Taxes:Y2015:US:SDI                     USD
2015-01-01 open Expenses:Taxes:Y2015:US:State                   USD
2015-01-01 open Expenses:Taxes:Y2015:US:SocSec                  USD

2015-01-01 balance Assets:US:Federal:PreTax401k         0 IRAUSD

2015-01-01 * "Allowed contributions for one year"
  Income:US:Federal:PreTax401k                     -18000 IRAUSD
  Assets:US:Federal:PreTax401k                      18000 IRAUSD

2016-03-22 * "Filing taxes for 2015"
  Expenses:Taxes:Y2015:US:Federal                  343.44 USD
  Expenses:Taxes:Y2015:US:State                    324.01 USD
  Liabilities:AccountsPayable                     -667.45 USD

2016-03-25 * "STATE TAX & FINANC PYMT"
  Assets:US:BofA:Checking                         -324.01 USD
  Liabilities:AccountsPayable                      324.01 USD

2016-03-26 * "FEDERAL TAXPYMT"
  Assets:US:BofA:Checking                         -343.44 USD
  Liabilities:AccountsPayable                      343.44 USD



** Tax Year 2016

2016-01-01 open Expenses:Taxes:Y2016:US:Federal:PreTax401k      IRAUSD
2016-01-01 open Expenses:Taxes:Y2016:US:Medicare                USD
2016-01-01 open Expenses:Taxes:Y2016:US:Federal                 USD
2016-01-01 open Expenses:Taxes:Y2016:US:CityNYC                 USD
2016-01-01 open Expenses:Taxes:Y2016:US:SDI                     USD
2016-01-01 open Expenses:Taxes:Y2016:US:State                   USD
2016-01-01 open Expenses:Taxes:Y2016:US:SocSec                  USD

2016-01-01 balance Assets:US:Federal:PreTax401k         0 IRAUSD

2016-01-01 * "Allowed contributions for one year"
  Income:US:Federal:PreTax401k                     -18000 IRAUSD
  Assets:US:Federal:PreTax401k                      18000 IRAUSD

2017-03-21 * "Filing taxes for 2016"
  Expenses:Taxes:Y2016:US:Federal                  547.58 USD
  Expenses:Taxes:Y2016:US:State                    410.67 USD
  Liabilities:AccountsPayable                     -958.25 USD

2017-03-21 * "FEDERAL TAXPYMT"
  Assets:US:BofA:Checking                         -547.58 USD
  Liabilities:AccountsPayable                      547.58 USD

2017-03-23 * "STATE TAX & FINANC PYMT"
  Assets:US:BofA:Checking                         -410.67 USD
  Liabilities:AccountsPayable                      410.67 USD



** Tax Year 2017

2017-01-01 open Expenses:Taxes:Y2017:US:Federal:PreTax401k      IRAUSD
2017-01-01 open Expenses:Taxes:Y2017:US:Medicare                USD
2017-01-01 open Expenses:Taxes:Y2017:US:Federal                 USD
2017-01-01 open Expenses:Taxes:Y2017:US:CityNYC                 USD
2017-01-01 open Expenses:Taxes:Y2017:US:SDI                     USD
2017-01-01 open Expenses:Taxes:Y2017:US:State                   USD
2017-01-01 open Expenses:Taxes:Y2017:US:SocSec                  USD

2017-01-01 balance Assets:US:Federal:PreTax401k         0 IRAUSD

2017-01-01 * "Allowed contributions for one year"
  Income:US:Federal:PreTax401k                     -18500 IRAUSD
  Assets:US:Federal:PreTax401k                      18500 IRAUSD



* Expenses

1980-05-12 open Expenses:Food:Groceries
1980-05-12 open Expenses:Food:Restaurant
1980-05-12 open Expenses:Food:Coffee
1980-05-12 open Expenses:Food:Alcohol
1980-05-12 open Expenses:Transport:Tram
1980-05-12 open Expenses:Home:Rent
1980-05-12 open Expenses:Home:Electricity
1980-05-12 open Expenses:Home:Internet
1980-05-12 open Expenses:Home:Phone
1980-05-12 open Expenses:Financial:Fees
1980-05-12 open Expenses:Financial:Commissions



* Prices

2015-01-02 price VBMPX                             103.13 USD
2015-01-02 price RGAGX                             139.50 USD
2015-01-02 price ITOT                              195.15 USD
2015-01-02 price VEA                               118.55 USD
2015-01-02 price VHT                                91.48 USD
2015-01-02 price GLD                               117.53 USD
2015-01-09 price VBMPX                             101.66 USD
2015-01-09 price RGAGX                             140.61 USD
2015-01-09 price ITOT                              195.38 USD
2015-01-09 price VEA                               119.36 USD
2015-01-09 price VHT                                90.89 USD
2015-01-09 price GLD                               117.78 USD
2015-01-16 price VBMPX                              99.71 USD
2015-01-16 price RGAGX                             140.48 USD
2015-01-16 price ITOT                              197.40 USD
2015-01-16 price VEA                               119.61 USD
2015-01-16 price VHT                                89.47 USD
2015-01-16 price GLD                               119.47 USD
2015-01-23 price VBMPX                             100.80 USD
2015-01-23 price RGAGX                             140.49 USD
2015-01-23 price ITOT                              197.48 USD
2015-01-23 price VEA                               118.65 USD
2015-01-23 price VHT                                85.66 USD
2015-01-23 price GLD                               120.05 USD
2015-01-30 price VBMPX                             100.77 USD
2015-01-30 price RGAGX                             139.93 USD
2015-01-30 price ITOT                              202.92 USD
2015-01-30 price VEA                               118.27 USD
2015-01-30 price VHT                                83.26 USD
2015-01-30 price GLD                               121.77 USD
2015-02-06 price VBMPX                             100.66 USD
2015-02-06 price RGAGX                             141.33 USD
2015-02-06 price ITOT                              199.44 USD
2015-02-06 price VEA                               118.10 USD
2015-02-06 price VHT                                85.43 USD
2015-02-06 price GLD                               124.52 USD
2015-02-13 price VBMPX                             101.97 USD
2015-02-13 price RGAGX                             141.66 USD
2015-02-13 price ITOT                              197.11 USD
2015-02-13 price VEA                               120.80 USD
2015-02-13 price VHT                                84.20 USD
2015-02-13 price GLD                               124.66 USD
2015-02-20 price VBMPX                             100.99 USD
2015-02-20 price RGAGX                             143.80 USD
2015-02-20 price ITOT                              202.54 USD
2015-02-20 price VEA                               122.01 USD
2015-02-20 price VHT                                83.85 USD
2015-02-20 price GLD                               126.99 USD
2015-02-27 price VBMPX                             101.95 USD
2015-02-27 price RGAGX                             143.51 USD
2015-02-27 price ITOT                              202.74 USD
2015-02-27 price VEA                               121.24 USD
2015-02-27 price VHT                                86.51 USD
2015-02-27 price GLD                               127.02 USD
2015-03-06 price VBMPX                             101.16 USD
2015-03-06 price RGAGX                             144.67 USD
2015-03-06 price ITOT                              206.19 USD
2015-03-06 price VEA                               121.18 USD
2015-03-06 price VHT                                85.48 USD
2015-03-06 price GLD                               128.64 USD
2015-03-13 price VBMPX                             101.90 USD
2015-03-13 price RGAGX                             145.86 USD
2015-03-13 price ITOT                              202.66 USD
2015-03-13 price VEA                               123.28 USD
2015-03-13 price VHT                                84.81 USD
2015-03-13 price GLD                               130.15 USD
2015-03-20 price VBMPX                             101.19 USD
2015-03-20 price RGAGX                             147.78 USD
2015-03-20 price ITOT                              202.39 USD
2015-03-20 price VEA                               123.33 USD
2015-03-20 price VHT                                85.15 USD
2015-03-20 price GLD                               131.41 USD
2015-03-27 price VBMPX                             101.49 USD
2015-03-27 price RGAGX                             148.05 USD
2015-03-27 price ITOT                              205.00 USD
2015-03-27 price VEA                               124.57 USD
2015-03-27 price VHT                                85.19 USD
2015-03-27 price GLD                               129.96 USD
2015-04-03 price VBMPX                             101.40 USD
2015-04-03 price RGAGX                             148.36 USD
2015-04-03 price ITOT                              204.42 USD
2015-04-03 price VEA                               127.21 USD
2015-04-03 price VHT                                83.95 USD
2015-04-03 price GLD                               129.67 USD
2015-04-10 price VBMPX                             102.43 USD
2015-04-10 price RGAGX                             148.94 USD
2015-04-10 price ITOT                              204.93 USD
2015-04-10 price VEA                               125.33 USD
2015-04-10 price VHT                                84.52 USD
2015-04-10 price GLD                               132.20 USD
2015-04-17 price VBMPX                             101.53 USD
2015-04-17 price RGAGX                             150.71 USD
2015-04-17 price ITOT                              203.98 USD
2015-04-17 price VEA                               124.26 USD
2015-04-17 price VHT                                85.54 USD
2015-04-17 price GLD                               132.66 USD
2015-04-24 price VBMPX                             101.02 USD
2015-04-24 price RGAGX                             148.67 USD
2015-04-24 price ITOT                              206.62 USD
2015-04-24 price VEA                               125.72 USD
2015-04-24 price VHT                                84.06 USD
2015-04-24 price GLD                               132.43 USD
2015-05-01 price VBMPX                             100.85 USD
2015-05-01 price RGAGX                             147.70 USD
2015-05-01 price ITOT                              207.53 USD
2015-05-01 price VEA                               124.77 USD
2015-05-01 price VHT                                83.72 USD
2015-05-01 price GLD                               132.34 USD
2015-05-08 price VBMPX                             102.09 USD
2015-05-08 price RGAGX                             145.46 USD
2015-05-08 price ITOT                              205.81 USD
2015-05-08 price VEA                               125.28 USD
2015-05-08 price VHT                                82.43 USD
2015-05-08 price GLD                               131.38 USD
2015-05-15 price VBMPX                             102.59 USD
2015-05-15 price RGAGX                             147.19 USD
2015-05-15 price ITOT                              203.96 USD
2015-05-15 price VEA                               126.13 USD
2015-05-15 price VHT                                82.57 USD
2015-05-15 price GLD                               133.30 USD
2015-05-22 price VBMPX                             102.18 USD
2015-05-22 price RGAGX                             148.11 USD
2015-05-22 price ITOT                              205.29 USD
2015-05-22 price VEA                               125.53 USD
2015-05-22 price VHT                                79.92 USD
2015-05-22 price GLD                               132.54 USD
2015-05-29 price VBMPX                             100.48 USD
2015-05-29 price RGAGX                             149.83 USD
2015-05-29 price ITOT                              204.05 USD
2015-05-29 price VEA                               125.68 USD
2015-05-29 price VHT                                81.75 USD
2015-05-29 price GLD                               133.47 USD
2015-06-05 price VBMPX                             100.88 USD
2015-06-05 price RGAGX                             151.88 USD
2015-06-05 price ITOT                              203.71 USD
2015-06-05 price VEA                               125.86 USD
2015-06-05 price VHT                                81.01 USD
2015-06-05 price GLD                               133.35 USD
2015-06-12 price VBMPX                             100.38 USD
2015-06-12 price RGAGX                             152.62 USD
2015-06-12 price ITOT                              198.90 USD
2015-06-12 price VEA                               125.02 USD
2015-06-12 price VHT                                82.07 USD
2015-06-12 price GLD                               132.20 USD
2015-06-19 price VBMPX                             101.62 USD
2015-06-19 price RGAGX                             153.59 USD
2015-06-19 price ITOT                              200.24 USD
2015-06-19 price VEA                               123.71 USD
2015-06-19 price VHT                                82.75 USD
2015-06-19 price GLD                               132.28 USD
2015-06-26 price VBMPX                             101.17 USD
2015-06-26 price RGAGX                             154.32 USD
2015-06-26 price ITOT                              203.79 USD
2015-06-26 price VEA                               123.80 USD
2015-06-26 price VHT                                84.37 USD
2015-06-26 price GLD                               131.92 USD
2015-07-03 price VBMPX                             100.30 USD
2015-07-03 price RGAGX                             155.41 USD
2015-07-03 price ITOT                              202.45 USD
2015-07-03 price VEA                               123.14 USD
2015-07-03 price VHT                                82.67 USD
2015-07-03 price GLD                               134.56 USD
2015-07-10 price VBMPX                              98.63 USD
2015-07-10 price RGAGX                             154.43 USD
2015-07-10 price ITOT                              206.97 USD
2015-07-10 price VEA                               123.16 USD
2015-07-10 price VHT                                80.05 USD
2015-07-10 price GLD                               134.95 USD
2015-07-17 price VBMPX                              96.51 USD
2015-07-17 price RGAGX                             153.71 USD
2015-07-17 price ITOT                              207.52 USD
2015-07-17 price VEA                               122.86 USD
2015-07-17 price VHT                                80.42 USD
2015-07-17 price GLD                               136.40 USD
2015-07-24 price VBMPX                              95.55 USD
2015-07-24 price RGAGX                             156.50 USD
2015-07-24 price ITOT                              205.56 USD
2015-07-24 price VEA                               122.72 USD
2015-07-24 price VHT                                82.54 USD
2015-07-24 price GLD                               137.95 USD
2015-07-31 price VBMPX                              94.85 USD
2015-07-31 price RGAGX                             156.53 USD
2015-07-31 price ITOT                              205.53 USD
2015-07-31 price VEA                               123.18 USD
2015-07-31 price VHT                                81.79 USD
2015-07-31 price GLD                               136.12 USD
2015-08-07 price VBMPX                              94.73 USD
2015-08-07 price RGAGX                             155.45 USD
2015-08-07 price ITOT                              197.99 USD
2015-08-07 price VEA                               124.20 USD
2015-08-07 price VHT                                81.45 USD
2015-08-07 price GLD                               136.27 USD
2015-08-14 price VBMPX                              93.38 USD
2015-08-14 price RGAGX                             154.87 USD
2015-08-14 price ITOT                              199.06 USD
2015-08-14 price VEA                               124.00 USD
2015-08-14 price VHT                                80.99 USD
2015-08-14 price GLD                               135.10 USD
2015-08-21 price VBMPX                              92.91 USD
2015-08-21 price RGAGX                             155.51 USD
2015-08-21 price ITOT                              198.16 USD
2015-08-21 price VEA                               123.33 USD
2015-08-21 price VHT                                83.03 USD
2015-08-21 price GLD                               135.24 USD
2015-08-28 price VBMPX                              92.48 USD
2015-08-28 price RGAGX                             155.37 USD
2015-08-28 price ITOT                              196.05 USD
2015-08-28 price VEA                               124.24 USD
2015-08-28 price VHT                                84.05 USD
2015-08-28 price GLD                               135.21 USD
2015-09-04 price VBMPX                              92.54 USD
2015-09-04 price RGAGX                             156.10 USD
2015-09-04 price ITOT                              200.78 USD
2015-09-04 price VEA                               122.95 USD
2015-09-04 price VHT                                83.43 USD
2015-09-04 price GLD                               133.79 USD
2015-09-11 price VBMPX                              92.46 USD
2015-09-11 price RGAGX                             155.88 USD
2015-09-11 price ITOT                              201.63 USD
2015-09-11 price VEA                               122.94 USD
2015-09-11 price VHT                                83.34 USD
2015-09-11 price GLD                               134.12 USD
2015-09-18 price VBMPX                              92.66 USD
2015-09-18 price RGAGX                             156.87 USD
2015-09-18 price ITOT                              205.59 USD
2015-09-18 price VEA                               124.68 USD
2015-09-18 price VHT                                84.53 USD
2015-09-18 price GLD                               134.71 USD
2015-09-25 price VBMPX                              93.16 USD
2015-09-25 price RGAGX                             157.12 USD
2015-09-25 price ITOT                              207.26 USD
2015-09-25 price VEA                               122.37 USD
2015-09-25 price VHT                                83.35 USD
2015-09-25 price GLD                               135.73 USD
2015-10-02 price VBMPX                              92.75 USD
2015-10-02 price RGAGX                             158.39 USD
2015-10-02 price ITOT                              205.40 USD
2015-10-02 price VEA                               121.36 USD
2015-10-02 price VHT                                82.72 USD
2015-10-02 price GLD                               136.09 USD
2015-10-09 price VBMPX                              93.33 USD
2015-10-09 price RGAGX                             157.70 USD
2015-10-09 price ITOT                              205.06 USD
2015-10-09 price VEA                               121.17 USD
2015-10-09 price VHT                                83.84 USD
2015-10-09 price GLD                               137.59 USD
2015-10-16 price VBMPX                              92.74 USD
2015-10-16 price RGAGX                             157.17 USD
2015-10-16 price ITOT                              209.14 USD
2015-10-16 price VEA                               121.49 USD
2015-10-16 price VHT                                84.19 USD
2015-10-16 price GLD                               138.64 USD
2015-10-23 price VBMPX                              93.49 USD
2015-10-23 price RGAGX                             157.08 USD
2015-10-23 price ITOT                              213.41 USD
2015-10-23 price VEA                               122.68 USD
2015-10-23 price VHT                                81.86 USD
2015-10-23 price GLD                               137.56 USD
2015-10-30 price VBMPX                              93.83 USD
2015-10-30 price RGAGX                             158.70 USD
2015-10-30 price ITOT                              213.20 USD
2015-10-30 price VEA                               123.57 USD
2015-10-30 price VHT                                80.98 USD
2015-10-30 price GLD                               139.38 USD
2015-11-06 price VBMPX                              94.95 USD
2015-11-06 price RGAGX                             158.33 USD
2015-11-06 price ITOT                              212.54 USD
2015-11-06 price VEA                               124.28 USD
2015-11-06 price VHT                                78.57 USD
2015-11-06 price GLD                               140.77 USD
2015-11-13 price VBMPX                              94.99 USD
2015-11-13 price RGAGX                             157.51 USD
2015-11-13 price ITOT                              212.65 USD
2015-11-13 price VEA                               124.90 USD
2015-11-13 price VHT                                79.61 USD
2015-11-13 price GLD                               141.46 USD
2015-11-20 price VBMPX                              95.06 USD
2015-11-20 price RGAGX                             158.98 USD
2015-11-20 price ITOT                              215.77 USD
2015-11-20 price VEA                               126.82 USD
2015-11-20 price VHT                                79.24 USD
2015-11-20 price GLD                               139.55 USD
2015-11-27 price VBMPX                              95.93 USD
2015-11-27 price RGAGX                             157.38 USD
2015-11-27 price ITOT                              221.80 USD
2015-11-27 price VEA                               127.98 USD
2015-11-27 price VHT                                82.97 USD
2015-11-27 price GLD                               139.81 USD
2015-12-04 price VBMPX                              97.29 USD
2015-12-04 price RGAGX                             158.10 USD
2015-12-04 price ITOT                              227.40 USD
2015-12-04 price VEA                               126.74 USD
2015-12-04 price VHT                                81.54 USD
2015-12-04 price GLD                               139.54 USD
2015-12-11 price VBMPX                              97.26 USD
2015-12-11 price RGAGX                             158.58 USD
2015-12-11 price ITOT                              226.19 USD
2015-12-11 price VEA                               126.06 USD
2015-12-11 price VHT                                83.43 USD
2015-12-11 price GLD                               140.54 USD
2015-12-18 price VBMPX                              97.52 USD
2015-12-18 price RGAGX                             158.46 USD
2015-12-18 price ITOT                              224.53 USD
2015-12-18 price VEA                               126.36 USD
2015-12-18 price VHT                                84.85 USD
2015-12-18 price GLD                               140.80 USD
2015-12-25 price VBMPX                              98.32 USD
2015-12-25 price RGAGX                             157.04 USD
2015-12-25 price ITOT                              223.77 USD
2015-12-25 price VEA                               124.87 USD
2015-12-25 price VHT                                83.13 USD
2015-12-25 price GLD                               141.07 USD
2016-01-01 price VBMPX                              97.20 USD
2016-01-01 price RGAGX                             155.26 USD
2016-01-01 price ITOT                              220.60 USD
2016-01-01 price VEA                               123.58 USD
2016-01-01 price VHT                                81.72 USD
2016-01-01 price GLD                               139.18 USD
2016-01-08 price VBMPX                              95.90 USD
2016-01-08 price RGAGX                             154.57 USD
2016-01-08 price ITOT                              221.14 USD
2016-01-08 price VEA                               123.44 USD
2016-01-08 price VHT                                82.18 USD
2016-01-08 price GLD                               138.04 USD
2016-01-15 price VBMPX                              96.86 USD
2016-01-15 price RGAGX                             155.92 USD
2016-01-15 price ITOT                              220.87 USD
2016-01-15 price VEA                               124.16 USD
2016-01-15 price VHT                                81.08 USD
2016-01-15 price GLD                               137.57 USD
2016-01-22 price VBMPX                              96.03 USD
2016-01-22 price RGAGX                             159.30 USD
2016-01-22 price ITOT                              219.27 USD
2016-01-22 price VEA                               124.52 USD
2016-01-22 price VHT                                83.40 USD
2016-01-22 price GLD                               140.22 USD
2016-01-29 price VBMPX                              96.38 USD
2016-01-29 price RGAGX                             161.14 USD
2016-01-29 price ITOT                              217.46 USD
2016-01-29 price VEA                               125.31 USD
2016-01-29 price VHT                                86.84 USD
2016-01-29 price GLD                               140.72 USD
2016-02-05 price VBMPX                              95.64 USD
2016-02-05 price RGAGX                             161.06 USD
2016-02-05 price ITOT                              218.21 USD
2016-02-05 price VEA                               125.21 USD
2016-02-05 price VHT                                87.77 USD
2016-02-05 price GLD                               140.70 USD
2016-02-12 price VBMPX                              96.86 USD
2016-02-12 price RGAGX                             160.39 USD
2016-02-12 price ITOT                              212.93 USD
2016-02-12 price VEA                               124.80 USD
2016-02-12 price VHT                                89.70 USD
2016-02-12 price GLD                               141.87 USD
2016-02-19 price VBMPX                              97.78 USD
2016-02-19 price RGAGX                             160.19 USD
2016-02-19 price ITOT                              216.12 USD
2016-02-19 price VEA                               125.35 USD
2016-02-19 price VHT                                88.97 USD
2016-02-19 price GLD                               141.84 USD
2016-02-26 price VBMPX                              97.38 USD
2016-02-26 price RGAGX                             160.72 USD
2016-02-26 price ITOT                              212.77 USD
2016-02-26 price VEA                               123.81 USD
2016-02-26 price VHT                                89.55 USD
2016-02-26 price GLD                               141.22 USD
2016-03-04 price VBMPX                              98.23 USD
2016-03-04 price RGAGX                             160.05 USD
2016-03-04 price ITOT                              219.79 USD
2016-03-04 price VEA                               124.26 USD
2016-03-04 price VHT                                88.58 USD
2016-03-04 price GLD                               141.63 USD
2016-03-11 price VBMPX                              99.80 USD
2016-03-11 price RGAGX                             160.71 USD
2016-03-11 price ITOT                              222.63 USD
2016-03-11 price VEA                               126.38 USD
2016-03-11 price VHT                                89.05 USD
2016-03-11 price GLD                               140.74 USD
2016-03-18 price VBMPX                             100.39 USD
2016-03-18 price RGAGX                             160.44 USD
2016-03-18 price ITOT                              227.74 USD
2016-03-18 price VEA                               126.91 USD
2016-03-18 price VHT                                88.04 USD
2016-03-18 price GLD                               137.70 USD
2016-03-25 price VBMPX                             100.74 USD
2016-03-25 price RGAGX                             159.89 USD
2016-03-25 price ITOT                              223.15 USD
2016-03-25 price VEA                               126.08 USD
2016-03-25 price VHT                                89.86 USD
2016-03-25 price GLD                               136.69 USD
2016-04-01 price VBMPX                             101.44 USD
2016-04-01 price RGAGX                             160.27 USD
2016-04-01 price ITOT                              227.87 USD
2016-04-01 price VEA                               126.67 USD
2016-04-01 price VHT                                87.97 USD
2016-04-01 price GLD                               137.99 USD
2016-04-08 price VBMPX                             101.44 USD
2016-04-08 price RGAGX                             159.90 USD
2016-04-08 price ITOT                              236.16 USD
2016-04-08 price VEA                               126.68 USD
2016-04-08 price VHT                                89.24 USD
2016-04-08 price GLD                               139.54 USD
2016-04-15 price VBMPX                             102.14 USD
2016-04-15 price RGAGX                             159.68 USD
2016-04-15 price ITOT                              242.26 USD
2016-04-15 price VEA                               127.98 USD
2016-04-15 price VHT                                90.75 USD
2016-04-15 price GLD                               141.90 USD
2016-04-22 price VBMPX                             102.61 USD
2016-04-22 price RGAGX                             159.39 USD
2016-04-22 price ITOT                              235.72 USD
2016-04-22 price VEA                               129.18 USD
2016-04-22 price VHT                                90.07 USD
2016-04-22 price GLD                               142.06 USD
2016-04-29 price VBMPX                             102.70 USD
2016-04-29 price RGAGX                             160.50 USD
2016-04-29 price ITOT                              240.27 USD
2016-04-29 price VEA                               128.79 USD
2016-04-29 price VHT                                91.26 USD
2016-04-29 price GLD                               140.63 USD
2016-05-06 price VBMPX                             103.31 USD
2016-05-06 price RGAGX                             160.14 USD
2016-05-06 price ITOT                              240.44 USD
2016-05-06 price VEA                               130.26 USD
2016-05-06 price VHT                                92.64 USD
2016-05-06 price GLD                               139.79 USD
2016-05-13 price VBMPX                             103.27 USD
2016-05-13 price RGAGX                             159.28 USD
2016-05-13 price ITOT                              247.87 USD
2016-05-13 price VEA                               131.00 USD
2016-05-13 price VHT                                91.76 USD
2016-05-13 price GLD                               137.17 USD
2016-05-20 price VBMPX                             102.18 USD
2016-05-20 price RGAGX                             159.80 USD
2016-05-20 price ITOT                              244.19 USD
2016-05-20 price VEA                               129.22 USD
2016-05-20 price VHT                                90.31 USD
2016-05-20 price GLD                               136.92 USD
2016-05-27 price VBMPX                             100.96 USD
2016-05-27 price RGAGX                             161.96 USD
2016-05-27 price ITOT                              242.81 USD
2016-05-27 price VEA                               129.19 USD
2016-05-27 price VHT                                91.76 USD
2016-05-27 price GLD                               139.20 USD
2016-06-03 price VBMPX                             101.43 USD
2016-06-03 price RGAGX                             162.41 USD
2016-06-03 price ITOT                              243.24 USD
2016-06-03 price VEA                               129.59 USD
2016-06-03 price VHT                                90.87 USD
2016-06-03 price GLD                               138.37 USD
2016-06-10 price VBMPX                             102.82 USD
2016-06-10 price RGAGX                             163.92 USD
2016-06-10 price ITOT                              243.30 USD
2016-06-10 price VEA                               129.80 USD
2016-06-10 price VHT                                89.61 USD
2016-06-10 price GLD                               137.71 USD
2016-06-17 price VBMPX                             103.19 USD
2016-06-17 price RGAGX                             163.11 USD
2016-06-17 price ITOT                              244.61 USD
2016-06-17 price VEA                               129.76 USD
2016-06-17 price VHT                                88.50 USD
2016-06-17 price GLD                               138.13 USD
2016-06-24 price VBMPX                             102.77 USD
2016-06-24 price RGAGX                             164.35 USD
2016-06-24 price ITOT                              241.88 USD
2016-06-24 price VEA                               128.92 USD
2016-06-24 price VHT                                85.87 USD
2016-06-24 price GLD                               138.74 USD
2016-07-01 price VBMPX                             104.50 USD
2016-07-01 price RGAGX                             164.55 USD
2016-07-01 price ITOT                              237.09 USD
2016-07-01 price VEA                               129.47 USD
2016-07-01 price VHT                                86.74 USD
2016-07-01 price GLD                               137.86 USD
2016-07-08 price VBMPX                             104.02 USD
2016-07-08 price RGAGX                             165.63 USD
2016-07-08 price ITOT                              236.78 USD
2016-07-08 price VEA                               132.29 USD
2016-07-08 price VHT                                85.33 USD
2016-07-08 price GLD                               138.26 USD
2016-07-15 price VBMPX                             106.05 USD
2016-07-15 price RGAGX                             165.93 USD
2016-07-15 price ITOT                              236.96 USD
2016-07-15 price VEA                               131.21 USD
2016-07-15 price VHT                                86.35 USD
2016-07-15 price GLD                               141.54 USD
2016-07-22 price VBMPX                             107.01 USD
2016-07-22 price RGAGX                             166.91 USD
2016-07-22 price ITOT                              237.72 USD
2016-07-22 price VEA                               131.45 USD
2016-07-22 price VHT                                83.83 USD
2016-07-22 price GLD                               141.41 USD
2016-07-29 price VBMPX                             107.17 USD
2016-07-29 price RGAGX                             167.10 USD
2016-07-29 price ITOT                              239.02 USD
2016-07-29 price VEA                               130.90 USD
2016-07-29 price VHT                                82.47 USD
2016-07-29 price GLD                               141.08 USD
2016-08-05 price VBMPX                             107.64 USD
2016-08-05 price RGAGX                             167.38 USD
2016-08-05 price ITOT                              243.89 USD
2016-08-05 price VEA                               131.01 USD
2016-08-05 price VHT                                83.92 USD
2016-08-05 price GLD                               139.73 USD
2016-08-12 price VBMPX                             107.03 USD
2016-08-12 price RGAGX                             168.40 USD
2016-08-12 price ITOT                              245.81 USD
2016-08-12 price VEA                               130.94 USD
2016-08-12 price VHT                                84.35 USD
2016-08-12 price GLD                               138.70 USD
2016-08-19 price VBMPX                             105.92 USD
2016-08-19 price RGAGX                             171.22 USD
2016-08-19 price ITOT                              244.14 USD
2016-08-19 price VEA                               130.85 USD
2016-08-19 price VHT                                84.51 USD
2016-08-19 price GLD                               138.81 USD
2016-08-26 price VBMPX                             107.12 USD
2016-08-26 price RGAGX                             172.41 USD
2016-08-26 price ITOT                              250.46 USD
2016-08-26 price VEA                               131.29 USD
2016-08-26 price VHT                                81.64 USD
2016-08-26 price GLD                               138.39 USD
2016-09-02 price VBMPX                             108.01 USD
2016-09-02 price RGAGX                             172.88 USD
2016-09-02 price ITOT                              250.00 USD
2016-09-02 price VEA                               131.55 USD
2016-09-02 price VHT                                83.75 USD
2016-09-02 price GLD                               137.05 USD
2016-09-09 price VBMPX                             107.57 USD
2016-09-09 price RGAGX                             173.15 USD
2016-09-09 price ITOT                              249.07 USD
2016-09-09 price VEA                               134.14 USD
2016-09-09 price VHT                                84.36 USD
2016-09-09 price GLD                               135.68 USD
2016-09-16 price VBMPX                             109.71 USD
2016-09-16 price RGAGX                             171.77 USD
2016-09-16 price ITOT                              249.19 USD
2016-09-16 price VEA                               133.77 USD
2016-09-16 price VHT                                83.72 USD
2016-09-16 price GLD                               135.69 USD
2016-09-23 price VBMPX                             110.79 USD
2016-09-23 price RGAGX                             172.42 USD
2016-09-23 price ITOT                              249.96 USD
2016-09-23 price VEA                               133.51 USD
2016-09-23 price VHT                                85.35 USD
2016-09-23 price GLD                               133.68 USD
2016-09-30 price VBMPX                             111.96 USD
2016-09-30 price RGAGX                             173.26 USD
2016-09-30 price ITOT                              253.57 USD
2016-09-30 price VEA                               133.18 USD
2016-09-30 price VHT                                87.44 USD
2016-09-30 price GLD                               135.03 USD
2016-10-07 price VBMPX                             111.22 USD
2016-10-07 price RGAGX                             174.23 USD
2016-10-07 price ITOT                              247.88 USD
2016-10-07 price VEA                               133.82 USD
2016-10-07 price VHT                                85.21 USD
2016-10-07 price GLD                               134.32 USD
2016-10-14 price VBMPX                             111.77 USD
2016-10-14 price RGAGX                             174.66 USD
2016-10-14 price ITOT                              245.95 USD
2016-10-14 price VEA                               131.31 USD
2016-10-14 price VHT                                89.69 USD
2016-10-14 price GLD                               132.23 USD
2016-10-21 price VBMPX                             111.38 USD
2016-10-21 price RGAGX                             176.14 USD
2016-10-21 price ITOT                              244.29 USD
2016-10-21 price VEA                               130.33 USD
2016-10-21 price VHT                                88.24 USD
2016-10-21 price GLD                               130.01 USD
2016-10-28 price VBMPX                             111.57 USD
2016-10-28 price RGAGX                             175.42 USD
2016-10-28 price ITOT                              251.16 USD
2016-10-28 price VEA                               130.08 USD
2016-10-28 price VHT                                89.45 USD
2016-10-28 price GLD                               130.62 USD
2016-11-04 price VBMPX                             112.30 USD
2016-11-04 price RGAGX                             176.65 USD
2016-11-04 price ITOT                              250.78 USD
2016-11-04 price VEA                               129.23 USD
2016-11-04 price VHT                                89.42 USD
2016-11-04 price GLD                               127.81 USD
2016-11-11 price VBMPX                             113.43 USD
2016-11-11 price RGAGX                             178.36 USD
2016-11-11 price ITOT                              247.39 USD
2016-11-11 price VEA                               127.71 USD
2016-11-11 price VHT                                91.02 USD
2016-11-11 price GLD                               129.06 USD
2016-11-18 price VBMPX                             115.36 USD
2016-11-18 price RGAGX                             178.56 USD
2016-11-18 price ITOT                              249.94 USD
2016-11-18 price VEA                               126.25 USD
2016-11-18 price VHT                                89.84 USD
2016-11-18 price GLD                               127.72 USD
2016-11-25 price VBMPX                             116.74 USD
2016-11-25 price RGAGX                             181.04 USD
2016-11-25 price ITOT                              248.46 USD
2016-11-25 price VEA                               127.28 USD
2016-11-25 price VHT                                87.86 USD
2016-11-25 price GLD                               127.77 USD
2016-12-02 price VBMPX                             115.28 USD
2016-12-02 price RGAGX                             182.54 USD
2016-12-02 price ITOT                              243.02 USD
2016-12-02 price VEA                               125.71 USD
2016-12-02 price VHT                                87.50 USD
2016-12-02 price GLD                               127.45 USD
2016-12-09 price VBMPX                             115.45 USD
2016-12-09 price RGAGX                             183.69 USD
2016-12-09 price ITOT                              245.34 USD
2016-12-09 price VEA                               126.25 USD
2016-12-09 price VHT                                87.43 USD
2016-12-09 price GLD                               130.48 USD
2016-12-16 price VBMPX                             115.21 USD
2016-12-16 price RGAGX                             181.29 USD
2016-12-16 price ITOT                              243.03 USD
2016-12-16 price VEA                               128.02 USD
2016-12-16 price VHT                                86.86 USD
2016-12-16 price GLD                               128.65 USD
2016-12-23 price VBMPX                             116.75 USD
2016-12-23 price RGAGX                             183.73 USD
2016-12-23 price ITOT                              242.94 USD
2016-12-23 price VEA                               129.44 USD
2016-12-23 price VHT                                85.05 USD
2016-12-23 price GLD                               127.69 USD
2016-12-30 price VBMPX                             117.47 USD
2016-12-30 price RGAGX                             182.37 USD
2016-12-30 price ITOT                              237.08 USD
2016-12-30 price VEA                               130.33 USD
2016-12-30 price VHT                                83.28 USD
2016-12-30 price GLD                               127.63 USD
2017-01-06 price VBMPX                             117.90 USD
2017-01-06 price RGAGX                             181.49 USD
2017-01-06 price ITOT                              234.23 USD
2017-01-06 price VEA                               130.85 USD
2017-01-06 price VHT                                81.12 USD
2017-01-06 price GLD                               126.89 USD
2017-01-13 price VBMPX                             118.38 USD
2017-01-13 price RGAGX                             181.13 USD
2017-01-13 price ITOT                              230.01 USD
2017-01-13 price VEA                               131.12 USD
2017-01-13 price VHT                                81.19 USD
2017-01-13 price GLD                               127.53 USD
2017-01-20 price VBMPX                             118.29 USD
2017-01-20 price RGAGX                             182.00 USD
2017-01-20 price ITOT                              226.19 USD
2017-01-20 price VEA                               130.27 USD
2017-01-20 price VHT                                79.60 USD
2017-01-20 price GLD                               127.49 USD
2017-01-27 price VBMPX                             119.64 USD
2017-01-27 price RGAGX                             181.88 USD
2017-01-27 price ITOT                              228.55 USD
2017-01-27 price VEA                               132.43 USD
2017-01-27 price VHT                                81.57 USD
2017-01-27 price GLD                               127.35 USD
2017-02-03 price VBMPX                             119.04 USD
2017-02-03 price RGAGX                             180.78 USD
2017-02-03 price ITOT                              231.02 USD
2017-02-03 price VEA                               131.31 USD
2017-02-03 price VHT                                79.33 USD
2017-02-03 price GLD                               124.40 USD
2017-02-10 price VBMPX                             118.39 USD
2017-02-10 price RGAGX                             180.81 USD
2017-02-10 price ITOT                              228.97 USD
2017-02-10 price VEA                               129.32 USD
2017-02-10 price VHT                                78.09 USD
2017-02-10 price GLD                               126.44 USD
2017-02-17 price VBMPX                             119.70 USD
2017-02-17 price RGAGX                             180.83 USD
2017-02-17 price ITOT                              236.47 USD
2017-02-17 price VEA                               131.01 USD
2017-02-17 price VHT                                77.55 USD
2017-02-17 price GLD                               128.40 USD
2017-02-24 price VBMPX                             121.34 USD
2017-02-24 price RGAGX                             179.21 USD
2017-02-24 price ITOT                              235.03 USD
2017-02-24 price VEA                               131.26 USD
2017-02-24 price VHT                                76.34 USD
2017-02-24 price GLD                               128.73 USD
2017-03-03 price VBMPX                             121.96 USD
2017-03-03 price RGAGX                             179.11 USD
2017-03-03 price ITOT                              238.73 USD
2017-03-03 price VEA                               129.57 USD
2017-03-03 price VHT                                75.17 USD
2017-03-03 price GLD                               130.60 USD
2017-03-10 price VBMPX                             121.77 USD
2017-03-10 price RGAGX                             178.21 USD
2017-03-10 price ITOT                              241.85 USD
2017-03-10 price VEA                               129.30 USD
2017-03-10 price VHT                                72.46 USD
2017-03-10 price GLD                               129.21 USD
2017-03-17 price VBMPX                             120.31 USD
2017-03-17 price RGAGX                             176.77 USD
2017-03-17 price ITOT                              246.38 USD
2017-03-17 price VEA                               127.83 USD
2017-03-17 price VHT                                72.86 USD
2017-03-17 price GLD                               130.50 USD
2017-03-24 price VBMPX                             121.45 USD
2017-03-24 price RGAGX                             177.55 USD
2017-03-24 price ITOT                              255.20 USD
2017-03-24 price VEA                               127.46 USD
2017-03-24 price VHT                                72.59 USD
2017-03-24 price GLD                               131.07 USD
2017-03-31 price VBMPX                             121.78 USD
2017-03-31 price RGAGX                             178.78 USD
2017-03-31 price ITOT                              255.54 USD
2017-03-31 price VEA                               127.15 USD
2017-03-31 price VHT                                72.66 USD
2017-03-31 price GLD                               130.23 USD
2017-04-07 price VBMPX                             120.99 USD
2017-04-07 price RGAGX                             178.35 USD
2017-04-07 price ITOT                              257.84 USD
2017-04-07 price VEA                               126.70 USD
2017-04-07 price VHT                                73.00 USD
2017-04-07 price GLD                               132.00 USD
2017-04-14 price VBMPX                             121.24 USD
2017-04-14 price RGAGX                             178.71 USD
2017-04-14 price ITOT                              251.78 USD
2017-04-14 price VEA                               126.86 USD
2017-04-14 price VHT                                75.81 USD
2017-04-14 price GLD                               129.88 USD
2017-04-21 price VBMPX                             121.61 USD
2017-04-21 price RGAGX                             180.93 USD
2017-04-21 price ITOT                              254.88 USD
2017-04-21 price VEA                               128.74 USD
2017-04-21 price VHT                                76.35 USD
2017-04-21 price GLD                               128.91 USD
2017-04-28 price VBMPX                             121.86 USD
2017-04-28 price RGAGX                             181.53 USD
2017-04-28 price ITOT                              251.13 USD
2017-04-28 price VEA                               130.15 USD
2017-04-28 price VHT                                76.39 USD
2017-04-28 price GLD                               130.19 USD
2017-05-05 price VBMPX                             122.75 USD
2017-05-05 price RGAGX                             182.37 USD
2017-05-05 price ITOT                              246.53 USD
2017-05-05 price VEA                               131.58 USD
2017-05-05 price VHT                                77.63 USD
2017-05-05 price GLD                               131.02 USD
2017-05-12 price VBMPX                             123.59 USD
2017-05-12 price RGAGX                             182.97 USD
2017-05-12 price ITOT                              249.51 USD
2017-05-12 price VEA                               131.15 USD
2017-05-12 price VHT                                76.24 USD
2017-05-12 price GLD                               133.49 USD
2017-05-19 price VBMPX                             123.56 USD
2017-05-19 price RGAGX                             183.68 USD
2017-05-19 price ITOT                              246.00 USD
2017-05-19 price VEA                               132.21 USD
2017-05-19 price VHT                                75.78 USD
2017-05-19 price GLD                               135.30 USD
2017-05-26 price VBMPX                             123.27 USD
2017-05-26 price RGAGX                             183.09 USD
2017-05-26 price ITOT                              250.56 USD
2017-05-26 price VEA                               134.89 USD
2017-05-26 price VHT                                74.89 USD
2017-05-26 price GLD                               136.38 USD
2017-06-02 price VBMPX                             124.56 USD
2017-06-02 price RGAGX                             183.99 USD
2017-06-02 price ITOT                              262.26 USD
2017-06-02 price VEA                               133.70 USD
2017-06-02 price VHT                                76.63 USD
2017-06-02 price GLD                               135.61 USD
2017-06-09 price VBMPX                             125.37 USD
2017-06-09 price RGAGX                             184.14 USD
2017-06-09 price ITOT                              266.83 USD
2017-06-09 price VEA                               132.26 USD
2017-06-09 price VHT                                78.21 USD
2017-06-09 price GLD                               136.26 USD
2017-06-16 price VBMPX                             125.89 USD
2017-06-16 price RGAGX                             185.83 USD
2017-06-16 price ITOT                              269.14 USD
2017-06-16 price VEA                               131.89 USD
2017-06-16 price VHT                                78.43 USD
2017-06-16 price GLD                               133.45 USD
2017-06-23 price VBMPX                             125.43 USD
2017-06-23 price RGAGX                             185.00 USD
2017-06-23 price ITOT                              275.65 USD
2017-06-23 price VEA                               132.77 USD
2017-06-23 price VHT                                78.67 USD
2017-06-23 price GLD                               134.28 USD
2017-06-30 price VBMPX                             125.75 USD
2017-06-30 price RGAGX                             186.02 USD
2017-06-30 price ITOT                              273.83 USD
2017-06-30 price VEA                               132.13 USD
2017-06-30 price VHT                                78.88 USD
2017-06-30 price GLD                               133.49 USD
2017-07-07 price VBMPX                             124.49 USD
2017-07-07 price RGAGX                             188.41 USD
2017-07-07 price ITOT                              282.75 USD
2017-07-07 price VEA                               132.20 USD
2017-07-07 price VHT                                79.48 USD
2017-07-07 price GLD                               134.11 USD
2017-07-14 price VBMPX                             122.10 USD
2017-07-14 price RGAGX                             188.65 USD
2017-07-14 price ITOT                              282.97 USD
2017-07-14 price VEA                               130.97 USD
2017-07-14 price VHT                                81.05 USD
2017-07-14 price GLD                               133.81 USD
2017-07-21 price VBMPX                             123.61 USD
2017-07-21 price RGAGX                             188.96 USD
2017-07-21 price ITOT                              285.56 USD
2017-07-21 price VEA                               130.39 USD
2017-07-21 price VHT                                79.81 USD
2017-07-21 price GLD                               132.63 USD
2017-07-28 price VBMPX                             124.03 USD
2017-07-28 price RGAGX                             187.66 USD
2017-07-28 price ITOT                              280.40 USD
2017-07-28 price VEA                               132.41 USD
2017-07-28 price VHT                                80.84 USD
2017-07-28 price GLD                               132.16 USD
2017-08-04 price VBMPX                             126.02 USD
2017-08-04 price RGAGX                             186.89 USD
2017-08-04 price ITOT                              279.61 USD
2017-08-04 price VEA                               133.85 USD
2017-08-04 price VHT                                80.11 USD
2017-08-04 price GLD                               128.54 USD
2017-08-11 price VBMPX                             125.68 USD
2017-08-11 price RGAGX                             189.29 USD
2017-08-11 price ITOT                              273.81 USD
2017-08-11 price VEA                               132.67 USD
2017-08-11 price VHT                                79.82 USD
2017-08-11 price GLD                               130.37 USD
2017-08-18 price VBMPX                             126.65 USD
2017-08-18 price RGAGX                             190.21 USD
2017-08-18 price ITOT                              279.87 USD
2017-08-18 price VEA                               132.21 USD
2017-08-18 price VHT                                79.67 USD
2017-08-18 price GLD                               129.55 USD
2017-08-25 price VBMPX                             126.47 USD
2017-08-25 price RGAGX                             191.39 USD
2017-08-25 price ITOT                              280.13 USD
2017-08-25 price VEA                               132.46 USD
2017-08-25 price VHT                                81.05 USD
2017-08-25 price GLD                               131.94 USD
2017-09-01 price VBMPX                             127.14 USD
2017-09-01 price RGAGX                             191.57 USD
2017-09-01 price ITOT                              280.26 USD
2017-09-01 price VEA                               130.38 USD
2017-09-01 price VHT                                82.68 USD
2017-09-01 price GLD                               134.35 USD
2017-09-08 price VBMPX                             127.02 USD
2017-09-08 price RGAGX                             193.84 USD
2017-09-08 price ITOT                              277.28 USD
2017-09-08 price VEA                               130.16 USD
2017-09-08 price VHT                                83.62 USD
2017-09-08 price GLD                               135.54 USD
2017-09-15 price VBMPX                             128.32 USD
2017-09-15 price RGAGX                             194.15 USD
2017-09-15 price ITOT                              273.82 USD
2017-09-15 price VEA                               132.15 USD
2017-09-15 price VHT                                84.56 USD
2017-09-15 price GLD                               135.80 USD
2017-09-22 price VBMPX                             128.66 USD
2017-09-22 price RGAGX                             193.76 USD
2017-09-22 price ITOT                              279.87 USD
2017-09-22 price VEA                               133.60 USD
2017-09-22 price VHT                                83.62 USD
2017-09-22 price GLD                               136.87 USD
2017-09-29 price VBMPX                             130.45 USD
2017-09-29 price RGAGX                             194.87 USD
2017-09-29 price ITOT                              282.01 USD
2017-09-29 price VEA                               134.65 USD
2017-09-29 price VHT                                82.39 USD
2017-09-29 price GLD                               136.29 USD



* Cash

